2590 4038
502 211 588 252 amaa
607 211 763 254 sacuuuus.
821 197 827 210 ⁸
1046 200 1100 254 249

243 338 367 415 Europa
387 353 458 398 vero
479 335 544 396 Avo
565 337 784 414 antiquissimo,
805 341 915 402 scilicet
939 343 1098 418 Dardano;

160 444 265 508 Africa
284 462 405 521 quoque
421 442 496 504 Avia
515 444 729 520 vetustissima,
745 444 864 506 Electra
883 447 1003 520 scilicet,
1025 450 1098 508 nata

160 551 264 628 magni
281 550 411 611 nominis
428 551 505 627 regis
522 549 666 626 Atlantis;
684 557 717 612 ut
737 552 775 612 de
796 553 945 614 ambobus
967 553 1098 614 testimo·

161 659 248 720 nium
264 659 363 720 reddit
378 659 466 719 Poeta
481 662 584 720 noster
597 657 628 718 in
644 667 754 738 octavo,
770 658 822 719 ubi
838 659 932 721 AEnea
949 662 987 720 ad
1003 661 1097 722 Evan·

162 767 254 828 drum
271 765 315 826 sic
332 764 389 826 ait:
1062 771 1066 778 '
1117 783 1144 826 se

252 915 401 971 Dardanus
415 915 506 970 Iliacae
521 913 630 988 primus
645 919 724 987 pater
738 913 816 970 urbis
832 920 860 971 et
874 920 990 984 auctor,

186 987 191 996 ’
249 1003 375 1073 Electra,
390 1011 421 1058 ut
436 1004 510 1058 Graii
527 1003 688 1076 perhibent,
703 1009 731 1058 et
745 1004 885 1059 Atlantide
901 1009 1010 1076 cretus,

249 1095 406 1149 Advenitur
419 1093 555 1164 TeucroS,
570 1093 706 1148 Electram
724 1094 862 1149 maximus
876 1094 954 1150 Atlas

251 1181 359 1250 Edidit,
375 1182 510 1236 aethereos
526 1185 643 1238 numero
658 1184 704 1255 qui
721 1185 839 1239 sustinet
853 1185 945 1240 orbes.

244 1315 332 1388 Quod
347 1319 449 1374 autem
459 1315 616 1376 Dardanus
631 1319 670 1378 ab
684 1319 803 1398 Europa
818 1319 962 1398 originem
976 1319 1094 1381 duxerit
1114 1330 1144 1375 σο

160 1425 270 1482 noster
293 1421 376 1480 Vates
392 1419 422 1478 in
439 1424 523 1481 tertio
540 1429 657 1496 cantat,
674 1424 791 1485 dicens:

250 1576 300 1630 Est
312 1577 406 1645 locus,
423 1577 588 1650 Hesperiam
604 1579 678 1633 Graii
694 1578 857 1648 cognomine
873 1578 980 1645 dicunt,

248 1665 336 1720 Terra
349 1667 480 1738 antiqua,
495 1674 594 1740 potens
609 1669 712 1737 armis,
728 1674 811 1740 atque
826 1667 913 1722 ubere
928 1667 1028 1737 glebae.

250 1755 370 1810 OEnotrii
384 1757 494 1811 coluere
510 1757 575 1812 viri:
591 1773 666 1811 nunc
681 1757 770 1824 lama,
788 1757 910 1811 minores

247 1841 358 1896 ltaliam
373 1842 493 1913 dixisse,
507 1845 586 1898 ducis
600 1845 636 1898 de
652 1847 777 1912 nomine,
797 1849 919 1915 gentem.
1114 1863 1144 1908 65

251 1930 303 1985 Hae
318 1932 399 1986 nobis
413 1933 532 2005 propriae
547 1932 640 2002 scdes;
658 1933 723 1987 hinc
738 1933 884 1988 Dardanus
898 1939 986 1989 ortus.

244 2074 331 2148 Quod
348 2094 418 2135 vero
435 2075 521 2136 Atlas
535 2077 573 2136 de
587 2075 687 2136 Africa
699 2077 800 2152 luerit,
816 2097 904 2138 mons
918 2077 950 2138 in
962 2077 1024 2151 illa,
1040 2095 1095 2139 suo

159 2175 286 2239 nornine
306 2177 414 2251 dictus,
437 2186 484 2240 est
510 2181 606 2254 testis,
632 2201 723 2259 quem
750 2203 818 2244 esse
844 2183 875 2244 in
898 2185 1003 2254 ,Africa
1029 2183 1096 2248 dicit

162 2285 303 2358 Orosius,
318 2284 349 2345 in
366 2305 421 2346 sua
438 2287 543 2346 mundi
557 2288 770 2366 descriptione,
787 2289 844 2351 sic:
865 2291 989 2353 Ultimus
1003 2301 1097 2354 cutem

161 2397 235 2470 finis
250 2398 312 2472 ejus
327 2403 368 2454 cet
385 2415 465 2455 arone
486 2396 584 2473 Artas,
601 2404 626 2455 et
643 2395 751 2456 Insulae
771 2416 843 2474 quas
864 2397 1031 2458 fortunatas
1051 2417 1095 2458 vo·
1117 2416 1144 2462 70

161 2511 248 2564 cant:
265 2525 279 2556 a
298 2503 387 2578 Ejus,
407 2525 422 2556 >
439 2503 470 2562 id
487 2507 532 2562 est
545 2504 675 2582 Africae,
689 2504 759 2580 quia
776 2505 813 2564 de
827 2504 892 2582 ipsa
905 2505 1094 2582 loquebatur.

244 2609 386 2670 Similiter
416 2615 446 2670 et
471 2609 607 2686 conjugio
633 2609 822 2669 nobilitatum
849 2609 941 2670 luisse
969 2611 1095 2688 reperio.

163 2715 266 2777 Prima
292 2735 423 2793 namque
449 2701 559 2793 conju'x
580 2714 710 2786 Creusa,
733 2715 843 2776 Priami
863 2718 940 2794 regis
962 2716 1037 2793 filia,
1058 2720 1094 2780 de

163 2819 235 2879 Asia
257 2817 323 2878 luit:
347 2825 378 2878 ut
394 2817 531 2896 superius
553 2817 658 2879 haberi
678 2825 777 2898 potest
797 2842 851 2900 per
873 2843 908 2884 ea
930 2844 996 2902 quae
1018 2827 1097 2889 dicta

165 2929 245 2984 sunt.
264 2924 300 2982 Et
317 2925 397 3000 quod
414 2923 503 2984 fuerit
519 2924 643 3002 conjux,
663 2925 866 2986 testimonium
886 2929 1023 3006 perhibet
1044 2951 1094 2992 no·
1114 2949 1141 2994 75

163 3038 226 3092 ster
248 3033 334 3091 Poeta
353 3030 384 3090 in
403 3032 501 3109 tertio,
519 3030 570 3090 ubi
590 3031 801 3094 Andromache
823 3033 860 3096 de
874 3035 1009 3124 ¹Ascanio
1036 3033 1099 3098 filio

164 3137 291 3199 AEneam
305 3137 470 3215 genitorem
486 3137 648 3214 interrogat
665 3138 719 3200 sic:

252 3279 325 3344 Quid
339 3295 409 3349 puer
425 3279 578 3334 Ascanius‘l
594 3287 761 3352 superatne,
779 3287 807 3337 et
820 3283 941 3340 vescitur
954 3301 1041 3358 aura,

252 3368 342 3433 Quem
358 3368 407 3422 tibi
418 3369 484 3460 jaml
493 3369 615 3441 peperit,
630 3369 712 3440 Troja
727 3371 860 3444 florente,
874 3374 997 3430 Creusa?

244 3528 396 3604 Secunda,
414 3529 488 3593 Dido
505 3529 572 3605 luit,
593 3531 697 3610 regina
717 3537 746 3594 ct
767 3539 864 3596 mater
884 3533 1096 3612 Carthaginen·
1117 3553 1144 3598 so
