2578 4038
490 205 578 248 einen
597 201 730 246 renerus.
1021 185 1075 240 307

134 348 172 409 ad
191 363 289 424 quam
306 340 401 402 virtus
418 338 539 417 propria
555 335 719 397 ascendere
737 349 799 394 non
816 334 933 410 potest,
950 330 1007 390 nisi
1021 331 1079 391 Lu-

134 453 217 513 mine
236 447 346 510 divino
366 447 484 524 adjutam
502 463 568 522 quae
584 463 638 522 per
655 442 831 503 Paradisum
848 439 979 499 calestem
994 436 1079 498 inlel-

133 559 183 634 ligi
201 557 302 616 datur.

218 657 266 716 Ad
281 656 338 716 has
350 652 475 733 quidem
490 654 705 730 Beatltaeliaes,
714 651 795 715 velut
810 651 848 710 ad
864 651 997 712 diverses
1009 669 1078 710 eon·

134 757 303 830 clusioneS,
329 776 383 835 per
406 757 524 824 diversa
549 756 649 818 media
670 755 771 816 venire
789 761 916 834 oportet.
938 757 1016 817 Nam
1039 759 1077 818 ad
1097 775 1129 820 lo

133 862 283 940 primam,
306 879 360 938 per
389 861 591 938 Pleilosapllca
613 862 796 922 documenta
816 860 967 934 venimus,
995 863 1079 922 dum·

135 970 230 1030 modo
257 969 309 1028 illa
334 987 514 1046 sequamur,
543 968 712 1030 secundum
741 967 873 1030 Virtutes
898 970 1022 1030 morales
1049 973 1079 1028 et

133 1073 339 1136 intellectuales
360 1077 522 1152 operando.
543 1075 591 1137 Ad
612 1075 778 1136 secundam
799 1095 884 1149 vero,
911 1095 966 1153 per
991 1076 1079 1135 docu-

134 1185 243 1242 menta
259 1182 449 1260 spiritualia,
470 1200 537 1258 quae
553 1181 720 1242 humanam
741 1180 902 1242 Rationem
924 1188 1078 1242 transcen·

138 1289 235 1362 dunt,
255 1289 420 1349 dummodo
435 1287 485 1350 illa
497 1307 661 1367 sequamur
672 1289 839 1351 secundum
849 1287 981 1350 Virtutes
996 1288 1078 1348 theo·
1099 1297 1128 1342 4⁵

140 1393 254 1473 logicas
274 1396 442 1472 operando,
461 1396 563 1455 Fidem
578 1395 703 1470 scilicet,
720 1397 805 1474 Spem
823 1404 852 1458 et
869 1397 1053 1458 Claritatem.

220 1500 286 1564 Has
312 1499 401 1576 igitur
428 1501 636 1562 conclusiones
666 1505 695 1561 et
721 1501 835 1574 media,
861 1501 930 1562 licet
955 1507 1080 1562 ostensa

138 1607 200 1669 sint
223 1605 312 1667 nobis
335 1608 384 1680 (ea
405 1608 443 1668 ab
465 1607 599 1668 humana
621 1607 765 1680 Ratione,
788 1626 855 1684 quae
876 1627 929 1684 per
948 1608 1080 1670 Philoso-

139 1713 217 1793 phos
236 1717 301 1772 tota
316 1712 402 1773 nobis
417 1712 559 1786 innotuit;
574 1713 638 1774 haec
653 1732 671 1774 a
685 1712 798 1790 Spiritu
813 1712 938 1787 Sancto,
957 1715 1007 1792 qui
1024 1733 1078 1792 per

137 1821 310 1899 Prophetas
337 1826 366 1880 et
392 1818 635 1895 Hagiographos,
661 1835 714 1893 per
742 1821 926 1876 coaeternum
947 1815 1003 1876 sibi
1024 1817 1079 1877 Dei
1098 1829 1127 1872 so

140 1925 252 1987 Filium
278 1925 370 1986 lesan
395 1924 562 1996 Gnmsruu,
589 1926 619 1983 et
642 1940 696 2001 per
724 1922 797 2000 Ejus
822 1921 1003 2000 Discipulos,
1030 1943 1076 1983 su-

139 2033 368 2113 pernaturalem
387 2031 565 2103 Veritatem,
581 2047 616 2089 aa
634 2025 721 2089 nobis
738 2025 912 2090 necessaria
925 2028 1082 2098 revelavit)

140 2139 278 2200 humana
299 2136 445 2215 cupiditas
466 2142 666 2213 postergaret‚
695 2134 753 2221 nisi
773 2136 911 2198 homines
933 2143 1080 2214 tanquam

139 2244 225 2322 equi,
241 2262 297 2304 sua
311 2241 491 2304 bestialitate
505 2248 661 2318 vagantes,
677 2241 708 2303 in
722 2242 831 2304 chamo
846 2249 876 2304 et
890 2244 985 2306 fraeno
998 2263 1078 2305 oom-

140 2352 341 2429 pescerentur
367 2347 398 2407 in
423 2346 479 2408 ria.
504 2348 630 2425 Propter
662 2348 742 2424 quod
776 2368 852 2426 opus
882 2348 938 2410 luit
967 2349 1081 2410 homini
1093 2361 1127 2405 as

142 2458 256 2534 duplici
283 2457 444 2532 Direcliao,
465 2454 633 2516 seeundum
660 2456 800 2532 alaplicem
823 2457 943 2516 Finem:
969 2455 1081 2516 scilicet

143 2565 273 2629 Summo
291 2564 442 2640 Pontifice,
452 2562 503 2640 qui
512 2560 679 2622 seeundum
693 2561 831 2618 Revelato
846 2558 1014 2616 humanum
1028 2557 1082 2616 Ge·

141 2691 203 2734 nus
221 2671 398 2750 perduceret
418 2669 457 2730 ad
481 2668 578 2728 Vitam
598 2672 736 2724 aetermam
747 2685 759 2736 ,·
777 2667 806 2722 et
823 2664 1013 2738 liuperalme,
1031 2660 1081 2736 qui

142 2774 314 2838 seeundum
331 2773 536 2849 Philosophiae
547 2771 728 2831 documenta
744 2769 845 2831 Genus
860 2770 1027 2831 humanum
1042 2770 1081 2829 ad
1097 2777 1099 2782 '

140 2883 327 2959 temporalem
346 2881 523 2942 Felicitatem
540 2876 689 2954 dirigeret.
1101 2879 1131 2924 6⁰

227 2987 265 3047 Et
280 3004 375 3061 quum
390 2984 523 3044 adhunc
540 2986 662 3062 portum
672 2980 719 3042 vel
730 2979 818 3051 nulli,
836 2980 883 3039 vel
899 2976 1002 3056 pauci,
1013 2982 1042 3037 et
1052 2977 1082 3036 hi

139 3112 217 3154 cum
238 3090 412 3152 difficultate
434 3088 526 3148 nimia
547 3085 703 3166 pervenire
727 3084 857 3163 possint,
877 3082 947 3156 nisi,
969 3081 1081 3143 sedatis

143 3197 286 3259 fluctibus
303 3196 421 3256 blandae
444 3193 624 3272 cupiditatiS,
639 3193 742 3254 Genus
764 3191 932 3250 humanum
950 3187 1081 3248 liberum

139 3303 176 3364 in
197 3302 280 3382 pacis
300 3301 514 3380 tranquillitate
535 3299 686 3379 quiescet;
707 3299 765 3360 hoo
787 3296 905 3374 signum
926 3303 972 3359 est
991 3293 1079 3365 illud,

145 3409 186 3470 ad
209 3408 290 3486 quod
310 3407 442 3470 maxime
462 3408 553 3468 debet
575 3405 730 3468 intendere
753 3404 881 3468 (iurator
905 3401 1005 3474 Orbis,
1031 3399 1083 3477 qui
1102 3410 1130 3456 aa

138 3508 254 3574 dieitur
271 3513 421 3573 Romanas
440 3512 592 3589 Princeps,
613 3516 644 3573 ut
667 3509 779 3572 scilieet
801 3510 832 3572 in
852 3510 954 3572 areola
973 3515 1083 3572 morta·
