2560 4022
206 161 252 216 -46
490 175 527 217 ns
545 177 670 218 runcum
687 178 875 229 nrooueurre.

221 309 275 383 lor,
291 309 341 386 qui
352 309 446 370 Albus
458 318 514 383 est,
526 311 621 387 magis
631 311 661 396 in
670 311 776 374 citrino
785 332 877 390 quam
885 315 916 374 in
926 314 1010 375 viridi
1018 315 1145 376 redolet.

221 415 324 492 ltaque
340 416 439 494 adepti
456 418 536 494 quod
553 419 774 495 quaerebamus,
788 418 913 480 dicimus
929 421 1060 496 illustre,
1074 421 1147 481 Gor·

221 521 333 599 diocle,
355 523 502 598 Aulicum,
530 529 560 583 et
586 523 700 583 Curicta
725 524 852 601 Vulgare
880 524 912 584 in
936 523 1036 599 Latio,
1059 527 1148 603 *quod

225 627 322 690 omnis
335 627 425 689 latiae
439 629 561 691 civitatis
575 639 634 702 est,
649 635 678 690 et
692 630 799 690 nullius
815 650 882 692 esse
898 631 1024 705 videtur,
1041 639 1071 693 et
1084 653 1147 710 quo

177 737 205 782 45
224 735 411 814 municipalia
436 737 574 812 Vulgaria
601 738 702 798 omnia
717 737 890 799 Latinorum
915 743 1145 812 mensurantur,

222 843 438 920 ponderantur,
457 850 487 903 ct
503 847 722 920 comparentur.

584 1082 681 1143 Carus
701 1083 786 1142 XVll.

427 1263 434 1272 ι
456 1295 534 1346 Quare
544 1294 590 1338 hoc
599 1295 692 1339 Idioma
700 1297 796 1339 utuetre
806 1297 913 1339 vocetur.

303 1483 403 1557 Quare
416 1488 518 1544 autem
533 1482 658 1558 idioma,
676 1486 757 1562 quod
773 1492 927 1564 repertum
940 1493 998 1558 est,
1017 1485 1151 1565 illustre,

225 1588 394 1666 Gordinale,
417 1589 571 1668 Atticum,
598 1594 628 1649 et
652 1589 768 1650 Ouriole
795 1591 967 1668 adjicientes
992 1611 1150 1665 vocemus,

225 1714 306 1755 nunc
329 1695 542 1755 denudandum
564 1701 622 1769 est;
644 1715 698 1774 per
718 1697 799 1774 quod
823 1698 929 1758 clarius
951 1701 1031 1775 quod
1050 1700 1151 1778 ipsum

225 1811 272 1865 est
292 1803 435 1865 faciemus
461 1808 572 1886 patere.
591 1803 726 1864 Primum
749 1804 836 1882 igitur
862 1806 932 1882 quid
953 1805 1151 1879 intendimus,

189 1921 202 1967 o
226 1931 294 1972 cum
308 1914 424 1973 Illustre
436 1912 605 1991 adjicimus,
621 1921 651 1973 et
666 1932 760 1989 quare
773 1915 890 1975 Illustre
906 1915 1042 1989 dicimus,
1060 1917 1153 1976 denu-

228 2022 344 2082 demus.
361 2023 419 2084 Per
435 2022 493 2080 hoc
512 2019 654 2097 quidquid
676 2020 793 2080 Illuatre
810 2020 944 2094 dicimuS,
961 2019 1154 2098 intelligimus

228 2125 371 2204 quidquid
389 2122 573 2196 illuminanS,
592 2128 621 2183 et
639 2121 838 2183 illuminatum
861 2123 1023 2202 praefulget.
1039 2122 1076 2184 Et
1092 2122 1153 2183 hoc

225 2233 315 2293 modo
323 2231 402 2293 viros
410 2229 596 2310 appellamus
605 2227 803 2308 Illustres,rel
813 2231 882 2307 quia
892 2234 1038 2308 potestate
1047 2229 1152 2290 illumi·

225 2339 302 2414 nati,
319 2338 392 2400 alios
407 2344 437 2399 et
450 2337 563 2416 justitia
575 2343 604 2399 et
618 2337 740 2399 caritate
755 2338 938 2411 illuminant,
954 2339 1000 2398 vel
1017 2336 1086 2415 quia
1103 2356 1151 2398 ex·

175 2455 205 2501 to
224 2448 366 2508 callenter
386 2443 551 2522 magistrati
567 2443 747 2503 excellenter
762 2441 949 2520 magistram,
971 2445 1005 2501 ut
1022 2440 1150 2512 Seneca,

229 2560 258 2616 et
272 2553 371 2615 Numa
384 2549 555 2628 Pompilius.
569 2549 607 2612 Et
617 2546 807 2627 Vulgare,'de
818 2568 877 2627 quo
893 2545 1051 2625 loquimur,
1064 2552 1093 2606 et
1104 2565 1151 2606 su-

226 2660 383 2720 blimatum
404 2662 449 2718 est
470 2656 647 2736 magistratu
668 2663 698 2716 et
717 2661 880 2735 potestate,
898 2661 928 2716 et
945 2675 1015 2717 suos
1036 2656 1151 2716 honore

228 2767 368 2828 sublimat
388 2772 418 2826 et
439 2765 539 2844 gloria.
560 2765 734 2843 Magistratu
758 2765 879 2844 quidem
899 2741 1092 2826 sublimatum
1111 2764 1151 2825 vi·

228 2875 326 2948 detur,
341 2892 411 2934 cum
428 2873 465 2934 de
481 2879 525 2934 tot
541 2873 664 2932 rudibus
681 2871 854 2932 Latinorum
870 2870 1035 2943 vocabulis,
1052 2872 1090 2930 de
1107 2875 1165 2931 tot·

180 2990 206 3034 to
226 2979 374 3058 perplexis
389 2976 675 3050 constructionibus,
694 2978 731 3036 de
747 2981 791 3037 tot
811 2974 962 3037 defectivis
983 2973 1152 3054 prolationi·

227 3092 296 3162 bus,
318 3089 356 3148 de
373 3093 416 3149 tot
436 3087 593 3149 rusticanis
615 3086 798 3159 accentibus,
819 3092 882 3146 tam
903 3086 1066 3164 egregium,
1087 3089 1150 3146 tam

226 3192 415 3265 extricatum,
432 3200 495 3252 tam
509 3193 689 3270 perlectum,
707 3197 736 3253 et
752 3200 815 3254 tam
831 3194 981 3254 urbanum
996 3194 1151 3255 videamus

227 3299 395 3370 reductum,
412 3301 446 3357 ut
461 3296 552 3358 Giuus
568 3297 768 3372 Pistoriensis,
787 3303 815 3358 et
832 3299 954 3361 Amicus
972 3301 1036 3378 ejus
1053 3303 1150 3360 osten·

229 3407 302 3467 dunt
326 3404 357 3465 in
383 3404 566 3465 Commodus
593 3405 663 3466 suis.
690 3404 777 3478 Quod
801 3411 903 3465 autem
929 3404 967 3466 sit
988 3403 1151 3464 exaltatum

179 3533 208 3580 so
227 3518 389 3593 potestate,
403 3512 526 3574 videtur.
541 3512 578 3574 Et
592 3513 662 3590 quid
676 3511 797 3590 majoris
811 3511 967 3590 potestatis
983 3515 1041 3584 est,
1060 3529 1152 3587 quam
