2590 4038
382 622 553 699 LIBER
591 621 814 698 PRIMUS.

300 825 345 866 ΒΕ
371 821 621 864 NECESSITATE
648 821 888 862 MONARCHIAE.
986 871 988 876 ,

501 1491 635 1567 Carus
670 1508 691 1566 l

518 1720 673 1764 Prooemium.

209 1937 355 2000 Omnium
370 1935 543 2009 hominum,
560 1955 636 2013 quos
654 1935 693 1994 ad
709 1953 846 1996 amorem
862 1932 994 1995 veritatis
1008 1933 1064 1996 Na-

127 2053 197 2107 tura
214 2043 351 2122 superior
367 2041 534 2119 impressit,
549 2041 607 2102 hoc
623 2040 755 2103 maxime
771 2043 917 2108 interesse
933 2041 1064 2116 videtur,

128 2159 162 2215 ut
184 2150 445 2231 quemadmodum
469 2149 507 2209 de
530 2149 634 2209 labore
656 2149 849 2227 antiquorum
872 2148 956 2210 ditati
979 2155 1064 2223 sunt,

129 2264 172 2324 ita
185 2271 217 2324 et
230 2262 286 2339 ipsi
298 2282 354 2340 pro
372 2260 499 2339 posteris
516 2259 666 2333 laborent,
687 2267 835 2337 quatenus
852 2260 891 2320 ab
909 2259 951 2320 eis
968 2265 1065 2338 poste·

128 2369 203 2429 ritas
224 2368 337 2427 habeat
353 2385 412 2443 quo
430 2365 548 2426 ditetur.
574 2365 676 2442 Longe
698 2384 830 2443 namque
851 2366 890 2425 ab
911 2365 1009 2426 ollicio
1031 2385 1064 2427 se
1085 2383 1099 2428 o

129 2492 200 2535 esse
217 2492 279 2534 non
296 2473 426 2548 dubitet,
444 2473 494 2550 qui
512 2474 637 2552 publicis
658 2473 845 2536 documentis
861 2473 1008 2547 imbutus,
1026 2475 1066 2534 ad

130 2577 362 2655 Rempublicam
379 2575 490 2656 aliquid
508 2578 627 2639 adlerre
643 2597 705 2637 non
724 2583 828 2638 curat:
844 2597 906 2637 non
922 2577 1003 2637 enim
1019 2585 1066 2638 est

134 2683 296 2761 «lignum,
314 2684 395 2762 quod
415 2702 503 2744 secus
526 2684 670 2743 decursus
693 2700 841 2758 aquarum
860 2679 1015 2742 fructificat
1034 2680 1066 2742 in

132 2797 269 2870 tempore
280 2811 348 2852 suo:
362 2812 377 2844 s
390 2783 444 2850 sed
455 2787 553 2868 potius
567 2785 734 2866 perniciosa
748 2804 871 2863 vorago,
887 2804 1008 2864 semper
1020 2784 1065 2847 in·

133 2895 301 2974 gurgitem,
320 2902 350 2958 et
367 2914 523 2974 nunquam
539 2893 719 2972 ingurgitata
735 2893 909 2954 retundens.
926 2893 998 2953 Hoec
1014 2893 1067 2970 igi-
1086 2901 1115 2948 10

132 3010 182 3062 tur
199 3020 279 3078 saepe
296 3019 416 3062 mecum
433 2999 615 3077 recogitans,
631 3019 669 3060 ne
684 3001 721 3060 de
738 2999 843 3060 infossi
859 2997 963 3060 talenti
978 2998 1065 3076 culpa

136 3108 315 3185 quandoque
331 3106 514 3182 redarguar,
530 3105 658 3184 publica
675 3105 794 3167 utilitati
813 3124 874 3166 non
894 3105 985 3166 modo
1006 3109 1066 3166 tur·

137 3233 269 3292 gessere,
292 3213 364 3292 quin
387 3212 448 3274 imo
469 3213 649 3274 fructificare
674 3212 824 3287 desidero,
850 3217 881 3275 et
902 3211 1065 3275 intentatas

138 3324 174 3384 ab
194 3321 258 3384 aliis
276 3322 435 3384 ostendere
454 3321 603 3382 veritates.
627 3318 706 3379 Nam
726 3337 817 3394 quem
837 3317 968 3380 fructum
987 3317 1064 3379 ferat

137 3434 199 3507 ille,
217 3433 268 3510 qui
294 3432 451 3492 theorema
475 3430 628 3508 quoddam
654 3424 782 3487 Euclidis
809 3425 919 3487 iterum
935 3426 1064 3485 demon·
1084 3440 1114 3486 {t

139 3537 266 3595 straret?
281 3531 331 3610 qui
346 3533 384 3592 ab
400 3530 559 3592 Aristotele
572 3528 745 3624 felicitatem
756 3534 924 3602 ostensam,
935 3537 1064 3589 reosten-
