<?xml version="1.0" encoding="UTF-8"?>
<!DOCTYPE html PUBLIC "-//W3C//DTD XHTML 1.0 Transitional//EN"
    "http://www.w3.org/TR/xhtml1/DTD/xhtml1-transitional.dtd">
<html xmlns="http://www.w3.org/1999/xhtml" xml:lang="en" lang="en">
 <head>
  <title>
</title>
<meta http-equiv="Content-Type" content="text/html;charset=utf-8" />
  <meta name='ocr-system' content='tesseract 3.04.00' />
  <meta name='ocr-capabilities' content='ocr_page ocr_carea ocr_par ocr_line ocrx_word'/>
</head>
<body>
  <div class='ocr_page' id='page_1' title='image "./operelatine00giulgoog_0264.png"; bbox 0 0 2590 4038; ppageno 0'>
   <div class='ocr_carea' id='block_1_1' title="bbox 490 196 1085 256">
    <p class='ocr_par' dir='ltr' id='par_1_1' title="bbox 490 196 1085 256">
     <span class='ocr_line' id='line_1_1' title="bbox 490 196 1085 256; baseline 0.01 -10"><span class='ocrx_word' id='word_1_1' title='bbox 490 205 576 246; x_wconf 83' lang='lat' dir='ltr'><strong>mmm</strong></span> <span class='ocrx_word' id='word_1_2' title='bbox 594 206 750 253; x_wconf 81' lang='lat' dir='ltr'><strong>sncunnus.</strong></span> <span class='ocrx_word' id='word_1_3' title='bbox 1031 196 1085 256; x_wconf 70' lang='lat'><strong>245</strong></span> 
     </span>
    </p>
   </div>
   <div class='ocr_carea' id='block_1_2' title="bbox 146 334 1080 416">
    <p class='ocr_par' dir='ltr' id='par_1_2' title="bbox 146 334 1080 416">
     <span class='ocr_line' id='line_1_2' title="bbox 146 334 1080 416; baseline 0.012 -20"><span class='ocrx_word' id='word_1_4' title='bbox 146 334 240 414; x_wconf 81' lang='lat' dir='ltr'>Igitur</span> <span class='ocrx_word' id='word_1_5' title='bbox 262 335 379 396; x_wconf 72' lang='lat' dir='ltr'><strong>fiducia</strong></span> <span class='ocrx_word' id='word_1_6' title='bbox 395 344 569 416; x_wconf 86' lang='lat' dir='ltr'><strong>praenotatae</strong></span> <span class='ocrx_word' id='word_1_7' title='bbox 587 340 721 414; x_wconf 84' lang='lat' dir='ltr'><strong>innixus,</strong></span> <span class='ocrx_word' id='word_1_8' title='bbox 740 348 769 402; x_wconf 88' lang='lat' dir='ltr'><strong>et</strong></span> <span class='ocrx_word' id='word_1_9' title='bbox 793 341 964 404; x_wconf 84' lang='lat' dir='ltr'><strong>testimonio</strong></span> <span class='ocrx_word' id='word_1_10' title='bbox 980 343 1080 407; x_wconf 83' lang='lat' dir='ltr'><strong>Ratio·</strong></span> 
     </span>
    </p>
   </div>
   <div class='ocr_carea' id='block_1_3' title="bbox 145 443 1127 628">
    <p class='ocr_par' dir='ltr' id='par_1_3' title="bbox 145 443 1127 628">
     <span class='ocr_line' id='line_1_3' title="bbox 147 443 1080 529; baseline 0.014 -27"><span class='ocrx_word' id='word_1_11' title='bbox 147 443 195 502; x_wconf 87' lang='lat' dir='ltr'><strong>nis</strong></span> <span class='ocrx_word' id='word_1_12' title='bbox 224 447 255 504; x_wconf 89' lang='lat' dir='ltr'><strong>et</strong></span> <span class='ocrx_word' id='word_1_13' title='bbox 279 443 473 504; x_wconf 81' lang='lat' dir='ltr'><strong>Auctoritatis</strong></span> <span class='ocrx_word' id='word_1_14' title='bbox 500 446 608 522; x_wconf 85' lang='lat' dir='ltr'><strong>fretus,</strong></span> <span class='ocrx_word' id='word_1_15' title='bbox 630 449 670 509; x_wconf 87' lang='lat' dir='ltr'><strong>ad</strong></span> <span class='ocrx_word' id='word_1_16' title='bbox 693 450 859 510; x_wconf 85' lang='lat' dir='ltr'><strong>secundam</strong></span> <span class='ocrx_word' id='word_1_17' title='bbox 884 453 1080 529; x_wconf 73' lang='lat' dir='ltr'><strong>quaestionem</strong></span> 
     </span>
     <span class='ocr_line' id='line_1_4' title="bbox 145 547 1127 628; baseline 0.011 -20"><span class='ocrx_word' id='word_1_18' title='bbox 145 547 350 609; x_wconf 85' lang='lat' dir='ltr'>dirimendam</span> <span class='ocrx_word' id='word_1_19' title='bbox 365 549 525 628; x_wconf 83' lang='lat' dir='ltr'><strong>ingredior.</strong></span> <span class='ocrx_word' id='word_1_20' title='bbox 1098 565 1127 611; x_wconf 82' lang='lat'><strong>⁶0</strong></span> 
     </span>
    </p>
   </div>
   <div class='ocr_carea' id='block_1_4' title="bbox 541 811 692 877">
    <p class='ocr_par' dir='ltr' id='par_1_4' title="bbox 541 811 692 877">
     <span class='ocr_line' id='line_1_5' title="bbox 541 811 692 877; baseline -0.013 -1"><span class='ocrx_word' id='word_1_21' title='bbox 541 811 637 877; x_wconf 69' lang='lat' dir='ltr'><strong>Ciam</strong></span> <span class='ocrx_word' id='word_1_22' title='bbox 658 811 692 875; x_wconf 88' lang='lat'><strong>11.</strong></span> 
     </span>
    </p>
   </div>
   <div class='ocr_carea' id='block_1_5' title="bbox 330 993 902 1127">
    <p class='ocr_par' dir='ltr' id='par_1_5' title="bbox 330 993 902 1127">
     <span class='ocr_line' id='line_1_6' title="bbox 330 993 902 1052; baseline 0.007 -14"><span class='ocrx_word' id='word_1_23' title='bbox 330 995 359 1040; x_wconf 84' lang='lat' dir='ltr'><strong>id</strong></span> <span class='ocrx_word' id='word_1_24' title='bbox 373 995 437 1048; x_wconf 74' lang='lat' dir='ltr'><strong>quod</strong></span> <span class='ocrx_word' id='word_1_25' title='bbox 450 993 515 1040; x_wconf 78' lang='lat' dir='ltr'><strong>Deus</strong></span> <span class='ocrx_word' id='word_1_26' title='bbox 528 997 553 1040; x_wconf 88' lang='lat' dir='ltr'><strong>in</strong></span> <span class='ocrx_word' id='word_1_27' title='bbox 567 999 681 1042; x_wconf 82' lang='lat' dir='ltr'><strong>societate</strong></span> <span class='ocrx_word' id='word_1_28' title='bbox 695 997 823 1043; x_wconf 85' lang='lat' dir='ltr'><strong>hominum</strong></span> <span class='ocrx_word' id='word_1_29' title='bbox 836 997 902 1052; x_wconf 75' lang='lat' dir='ltr'><strong>vuit,</strong></span> 
     </span>
     <span class='ocr_line' id='line_1_7' title="bbox 442 1073 785 1127; baseline 0.015 -11"><span class='ocrx_word' id='word_1_30' title='bbox 442 1083 486 1127; x_wconf 84' lang='lat' dir='ltr'><strong>pro</strong></span> <span class='ocrx_word' id='word_1_31' title='bbox 499 1073 513 1117; x_wconf 84' lang='lat' dir='ltr'>J</span> <span class='ocrx_word' id='word_1_32' title='bbox 515 1085 558 1118; x_wconf 83' lang='lat' dir='ltr'><strong>ure</strong></span> <span class='ocrx_word' id='word_1_33' title='bbox 572 1075 711 1120; x_wconf 83' lang='lat' dir='ltr'><strong>habendum</strong></span> <span class='ocrx_word' id='word_1_34' title='bbox 723 1087 785 1121; x_wconf 77' lang='lat' dir='ltr'><strong>ease.</strong></span> 
     </span>
    </p>
   </div>
   <div class='ocr_carea' id='block_1_6' title="bbox 141 1283 1124 3608">
    <p class='ocr_par' dir='ltr' id='par_1_6' title="bbox 141 1283 1124 3608">
     <span class='ocr_line' id='line_1_8' title="bbox 226 1283 1078 1364; baseline -0.002 -16"><span class='ocrx_word' id='word_1_35' title='bbox 226 1287 395 1364; x_wconf 88' lang='lat' dir='ltr'><strong>Postquam</strong></span> <span class='ocrx_word' id='word_1_36' title='bbox 419 1283 620 1359; x_wconf 83' lang='lat' dir='ltr'><strong>sufficienter,</strong></span> <span class='ocrx_word' id='word_1_37' title='bbox 647 1285 814 1347; x_wconf 83' lang='lat' dir='ltr'><strong>secundum</strong></span> <span class='ocrx_word' id='word_1_38' title='bbox 842 1287 925 1363; x_wconf 86' lang='lat' dir='ltr'><strong>quod</strong></span> <span class='ocrx_word' id='word_1_39' title='bbox 951 1285 1078 1348; x_wconf 84' lang='lat' dir='ltr'><strong>materia</strong></span> 
     </span>
     <span class='ocr_line' id='line_1_9' title="bbox 147 1391 1075 1473; baseline -0.002 -18"><span class='ocrx_word' id='word_1_40' title='bbox 147 1393 274 1473; x_wconf 82' lang='lat' dir='ltr'><strong>patitur,</strong></span> <span class='ocrx_word' id='word_1_41' title='bbox 297 1395 335 1454; x_wconf 91' lang='lat' dir='ltr'><strong>de</strong></span> <span class='ocrx_word' id='word_1_42' title='bbox 356 1393 479 1454; x_wconf 84' lang='lat' dir='ltr'><strong>veritate</strong></span> <span class='ocrx_word' id='word_1_43' title='bbox 499 1391 603 1472; x_wconf 85' lang='lat' dir='ltr'><strong>primae</strong></span> <span class='ocrx_word' id='word_1_44' title='bbox 625 1395 796 1470; x_wconf 71' lang='lat' dir='ltr'><strong>questionis</strong></span> <span class='ocrx_word' id='word_1_45' title='bbox 819 1395 993 1472; x_wconf 90' lang='lat' dir='ltr'><strong>inquisitum</strong></span> <span class='ocrx_word' id='word_1_46' title='bbox 1015 1402 1075 1468; x_wconf 87' lang='lat' dir='ltr'><strong>est,</strong></span> 
     </span>
     <span class='ocr_line' id='line_1_10' title="bbox 144 1496 1076 1574; baseline -0.006 -12"><span class='ocrx_word' id='word_1_47' title='bbox 144 1501 238 1562; x_wconf 83' lang='lat' dir='ltr'><strong>instat</strong></span> <span class='ocrx_word' id='word_1_48' title='bbox 266 1517 350 1560; x_wconf 84' lang='lat' dir='ltr'><strong>nune</strong></span> <span class='ocrx_word' id='word_1_49' title='bbox 377 1499 415 1559; x_wconf 89' lang='lat' dir='ltr'><strong>de</strong></span> <span class='ocrx_word' id='word_1_50' title='bbox 435 1498 559 1559; x_wconf 85' lang='lat' dir='ltr'><strong>veritate</strong></span> <span class='ocrx_word' id='word_1_51' title='bbox 579 1498 719 1558; x_wconf 77' lang='lat' dir='ltr'><strong>secunda</strong></span> <span class='ocrx_word' id='word_1_52' title='bbox 744 1496 909 1574; x_wconf 86' lang='lat' dir='ltr'>inquirere,</span> <span class='ocrx_word' id='word_1_53' title='bbox 932 1499 990 1558; x_wconf 86' lang='lat' dir='ltr'><strong>hoc</strong></span> <span class='ocrx_word' id='word_1_54' title='bbox 1017 1502 1076 1571; x_wconf 88' lang='lat' dir='ltr'><strong>est,</strong></span> 
     </span>
     <span class='ocr_line' id='line_1_11' title="bbox 145 1603 1078 1682; baseline -0.01 -13"><span class='ocrx_word' id='word_1_55' title='bbox 145 1615 245 1668; x_wconf 78' lang='lat' dir='ltr'><strong>atram</strong></span> <span class='ocrx_word' id='word_1_56' title='bbox 261 1609 411 1668; x_wconf 79' lang='lat' dir='ltr'><strong>Romanae</strong></span> <span class='ocrx_word' id='word_1_57' title='bbox 425 1605 604 1682; x_wconf 74' lang='lat' dir='ltr'><strong>populanda</strong></span> <span class='ocrx_word' id='word_1_58' title='bbox 619 1605 693 1664; x_wconf 86' lang='lat' dir='ltr'><strong>Jure</strong></span> <span class='ocrx_word' id='word_1_59' title='bbox 713 1605 768 1664; x_wconf 77' lang='lat' dir='ltr'><strong>eidi</strong></span> <span class='ocrx_word' id='word_1_60' title='bbox 784 1603 937 1662; x_wconf 72' lang='lat' dir='ltr'><em>adsciverit</em></span> <span class='ocrx_word' id='word_1_61' title='bbox 954 1603 1078 1678; x_wconf 77' lang='lat' dir='ltr'><strong>Impar-ti</strong></span> 
     </span>
     <span class='ocr_line' id='line_1_12' title="bbox 145 1707 1110 1791; baseline -0.001 -18"><span class='ocrx_word' id='word_1_62' title='bbox 145 1715 323 1791; x_wconf 61' lang='lat' dir='ltr'><strong>dimitatem.</strong></span> <span class='ocrx_word' id='word_1_63' title='bbox 350 1712 442 1790; x_wconf 83' lang='lat' dir='ltr'><strong>Cujus</strong></span> <span class='ocrx_word' id='word_1_64' title='bbox 470 1712 592 1788; x_wconf 89' lang='lat' dir='ltr'><strong>quidem</strong></span> <span class='ocrx_word' id='word_1_65' title='bbox 615 1708 786 1786; x_wconf 74' lang='lat' dir='ltr'><strong>questionis</strong></span> <span class='ocrx_word' id='word_1_66' title='bbox 813 1707 990 1786; x_wconf 86' lang='lat' dir='ltr'><strong>principium</strong></span> <span class='ocrx_word' id='word_1_67' title='bbox 1017 1713 1110 1781; x_wconf 75' lang='lat' dir='ltr'><strong>est,5</strong></span> 
     </span>
     <span class='ocr_line' id='line_1_13' title="bbox 147 1813 1077 1898; baseline -0.01 -15"><span class='ocrx_word' id='word_1_68' title='bbox 147 1821 248 1883; x_wconf 82' lang='lat' dir='ltr'><strong>videre</strong></span> <span class='ocrx_word' id='word_1_69' title='bbox 269 1841 337 1898; x_wconf 87' lang='lat' dir='ltr'><strong>quae</strong></span> <span class='ocrx_word' id='word_1_70' title='bbox 353 1819 392 1882; x_wconf 88' lang='lat' dir='ltr'><strong>sit</strong></span> <span class='ocrx_word' id='word_1_71' title='bbox 406 1821 456 1881; x_wconf 88' lang='lat' dir='ltr'><strong>illa</strong></span> <span class='ocrx_word' id='word_1_72' title='bbox 472 1820 598 1892; x_wconf 81' lang='lat' dir='ltr'><strong>veritas,</strong></span> <span class='ocrx_word' id='word_1_73' title='bbox 612 1818 643 1878; x_wconf 92' lang='lat' dir='ltr'><strong>in</strong></span> <span class='ocrx_word' id='word_1_74' title='bbox 660 1835 752 1894; x_wconf 88' lang='lat' dir='ltr'><strong>quam</strong></span> <span class='ocrx_word' id='word_1_75' title='bbox 768 1814 900 1876; x_wconf 85' lang='lat' dir='ltr'><strong>rationes</strong></span> <span class='ocrx_word' id='word_1_76' title='bbox 916 1813 1077 1890; x_wconf 83' lang='lat' dir='ltr'><strong>inquisitio·</strong></span> 
     </span>
     <span class='ocr_line' id='line_1_14' title="bbox 147 1917 1078 2006; baseline -0.013 -18"><span class='ocrx_word' id='word_1_77' title='bbox 147 1927 192 1990; x_wconf 84' lang='lat' dir='ltr'><strong>uis</strong></span> <span class='ocrx_word' id='word_1_78' title='bbox 210 1925 382 2006; x_wconf 69' lang='lat' dir='ltr'><strong>presentis,</strong></span> <span class='ocrx_word' id='word_1_79' title='bbox 400 1927 480 1986; x_wconf 85' lang='lat' dir='ltr'><strong>velut</strong></span> <span class='ocrx_word' id='word_1_80' title='bbox 500 1925 530 1985; x_wconf 94' lang='lat' dir='ltr'><strong>in</strong></span> <span class='ocrx_word' id='word_1_81' title='bbox 552 1921 730 2001; x_wconf 83' lang='lat' dir='ltr'><strong>principium</strong></span> <span class='ocrx_word' id='word_1_82' title='bbox 751 1917 918 1999; x_wconf 87' lang='lat' dir='ltr'><strong>proprium,</strong></span> <span class='ocrx_word' id='word_1_83' title='bbox 934 1918 1078 1978; x_wconf 81' lang='lat' dir='ltr'><strong>reducan-</strong></span> 
     </span>
     <span class='ocr_line' id='line_1_15' title="bbox 146 2018 1076 2112; baseline -0.006 -14"><span class='ocrx_word' id='word_1_84' title='bbox 146 2045 203 2098; x_wconf 85' lang='lat' dir='ltr'><strong>tur.</strong></span> <span class='ocrx_word' id='word_1_85' title='bbox 221 2035 384 2096; x_wconf 83' lang='lat' dir='ltr'><strong>Sciendum</strong></span> <span class='ocrx_word' id='word_1_86' title='bbox 400 2018 446 2096; x_wconf 86' lang='lat' dir='ltr'><strong>est</strong></span> <span class='ocrx_word' id='word_1_87' title='bbox 466 2035 568 2112; x_wconf 82' lang='lat' dir='ltr'><strong>igitur,</strong></span> <span class='ocrx_word' id='word_1_88' title='bbox 591 2034 671 2111; x_wconf 88' lang='lat' dir='ltr'><strong>quod</strong></span> <span class='ocrx_word' id='word_1_89' title='bbox 694 2034 950 2111; x_wconf 85' lang='lat' dir='ltr'><strong>quemadmodum</strong></span> <span class='ocrx_word' id='word_1_90' title='bbox 971 2032 1029 2093; x_wconf 84' lang='lat' dir='ltr'><strong>Ars</strong></span> <span class='ocrx_word' id='word_1_91' title='bbox 1046 2032 1076 2092; x_wconf 89' lang='lat' dir='ltr'><strong>in</strong></span> 
     </span>
     <span class='ocr_line' id='line_1_16' title="bbox 145 2139 1076 2220; baseline -0.004 -16"><span class='ocrx_word' id='word_1_92' title='bbox 145 2142 251 2220; x_wconf 85' lang='lat' dir='ltr'><strong>triplici</strong></span> <span class='ocrx_word' id='word_1_93' title='bbox 269 2142 363 2219; x_wconf 79' lang='lat' dir='ltr'><strong>gradu</strong></span> <span class='ocrx_word' id='word_1_94' title='bbox 379 2140 542 2213; x_wconf 85' lang='lat' dir='ltr'><strong>invenitur,</strong></span> <span class='ocrx_word' id='word_1_95' title='bbox 559 2140 590 2200; x_wconf 95' lang='lat' dir='ltr'><strong>in</strong></span> <span class='ocrx_word' id='word_1_96' title='bbox 604 2148 694 2201; x_wconf 78' lang='lat' dir='ltr'><strong>menta</strong></span> <span class='ocrx_word' id='word_1_97' title='bbox 708 2140 818 2202; x_wconf 84' lang='lat' dir='ltr'><strong>seilicet</strong></span> <span class='ocrx_word' id='word_1_98' title='bbox 835 2139 970 2214; x_wconf 85' lang='lat' dir='ltr'><strong>artificis,</strong></span> <span class='ocrx_word' id='word_1_99' title='bbox 985 2141 1016 2201; x_wconf 89' lang='lat' dir='ltr'><strong>in</strong></span> <span class='ocrx_word' id='word_1_100' title='bbox 1033 2160 1076 2200; x_wconf 88' lang='lat' dir='ltr'><strong>or·</strong></span> 
     </span>
     <span class='ocr_line' id='line_1_17' title="bbox 144 2248 1124 2331; baseline -0.005 -19"><span class='ocrx_word' id='word_1_101' title='bbox 144 2270 234 2331; x_wconf 67' lang='lat' dir='ltr'><strong>uano,</strong></span> <span class='ocrx_word' id='word_1_102' title='bbox 249 2257 278 2311; x_wconf 83' lang='lat' dir='ltr'><strong>ei</strong></span> <span class='ocrx_word' id='word_1_103' title='bbox 294 2249 325 2309; x_wconf 93' lang='lat' dir='ltr'><strong>in</strong></span> <span class='ocrx_word' id='word_1_104' title='bbox 340 2249 466 2308; x_wconf 76' lang='lat' dir='ltr'><strong>materia</strong></span> <span class='ocrx_word' id='word_1_105' title='bbox 482 2248 609 2309; x_wconf 80' lang='lat' dir='ltr'><strong>formata</strong></span> <span class='ocrx_word' id='word_1_106' title='bbox 626 2269 679 2326; x_wconf 84' lang='lat' dir='ltr'><strong>per</strong></span> <span class='ocrx_word' id='word_1_107' title='bbox 697 2254 808 2324; x_wconf 85' lang='lat' dir='ltr'><strong>artem;</strong></span> <span class='ocrx_word' id='word_1_108' title='bbox 826 2251 868 2311; x_wconf 88' lang='lat' dir='ltr'><strong>sic</strong></span> <span class='ocrx_word' id='word_1_109' title='bbox 885 2256 914 2312; x_wconf 91' lang='lat' dir='ltr'><strong>et</strong></span> <span class='ocrx_word' id='word_1_110' title='bbox 930 2250 1077 2311; x_wconf 79' lang='lat' dir='ltr'><strong>Naturam</strong></span> <span class='ocrx_word' id='word_1_111' title='bbox 1096 2263 1124 2307; x_wconf 78' lang='lat'><strong>10</strong></span> 
     </span>
     <span class='ocr_line' id='line_1_18' title="bbox 145 2353 1073 2432; baseline 0.001 -16"><span class='ocrx_word' id='word_1_112' title='bbox 145 2355 175 2416; x_wconf 91' lang='lat' dir='ltr'><strong>in</strong></span> <span class='ocrx_word' id='word_1_113' title='bbox 194 2354 302 2432; x_wconf 84' lang='lat' dir='ltr'><strong>triplici</strong></span> <span class='ocrx_word' id='word_1_114' title='bbox 318 2354 413 2430; x_wconf 84' lang='lat' dir='ltr'><strong>gradu</strong></span> <span class='ocrx_word' id='word_1_115' title='bbox 429 2371 590 2431; x_wconf 82' lang='lat' dir='ltr'><strong>possumus</strong></span> <span class='ocrx_word' id='word_1_116' title='bbox 607 2353 725 2415; x_wconf 84' lang='lat' dir='ltr'><strong>intueri.</strong></span> <span class='ocrx_word' id='word_1_117' title='bbox 743 2355 796 2416; x_wconf 85' lang='lat' dir='ltr'><strong>Est</strong></span> <span class='ocrx_word' id='word_1_118' title='bbox 814 2357 895 2418; x_wconf 89' lang='lat' dir='ltr'><strong>enim</strong></span> <span class='ocrx_word' id='word_1_119' title='bbox 912 2358 1026 2420; x_wconf 86' lang='lat' dir='ltr'><strong>Natura</strong></span> <span class='ocrx_word' id='word_1_120' title='bbox 1042 2357 1073 2417; x_wconf 92' lang='lat' dir='ltr'><strong>in</strong></span> 
     </span>
     <span class='ocr_line' id='line_1_19' title="bbox 145 2460 1073 2540; baseline 0.004 -17"><span class='ocrx_word' id='word_1_121' title='bbox 145 2463 239 2524; x_wconf 74' lang='lat' dir='ltr'><strong>Mente</strong></span> <span class='ocrx_word' id='word_1_122' title='bbox 255 2461 342 2540; x_wconf 87' lang='lat' dir='ltr'><strong>primi</strong></span> <span class='ocrx_word' id='word_1_123' title='bbox 359 2463 497 2539; x_wconf 73' lang='lat' dir='ltr'><strong>Maioris,</strong></span> <span class='ocrx_word' id='word_1_124' title='bbox 510 2460 559 2540; x_wconf 88' lang='lat' dir='ltr'><strong>qui</strong></span> <span class='ocrx_word' id='word_1_125' title='bbox 573 2462 655 2523; x_wconf 90' lang='lat' dir='ltr'><strong>Deus</strong></span> <span class='ocrx_word' id='word_1_126' title='bbox 674 2468 736 2524; x_wconf 85' lang='lat' dir='ltr'><strong>est:</strong></span> <span class='ocrx_word' id='word_1_127' title='bbox 750 2465 859 2526; x_wconf 86' lang='lat' dir='ltr'><strong>deinde</strong></span> <span class='ocrx_word' id='word_1_128' title='bbox 875 2465 906 2526; x_wconf 90' lang='lat' dir='ltr'><strong>in</strong></span> <span class='ocrx_word' id='word_1_129' title='bbox 922 2467 995 2526; x_wconf 82' lang='lat' dir='ltr'><em>Ooelo</em></span> <span class='ocrx_word' id='word_1_130' title='bbox 1011 2473 1073 2527; x_wconf 88' lang='lat' dir='ltr'><strong>tan·</strong></span> 
     </span>
     <span class='ocr_line' id='line_1_20' title="bbox 144 2570 1073 2648; baseline 0.004 -17"><span class='ocrx_word' id='word_1_131' title='bbox 144 2589 238 2648; x_wconf 81' lang='lat' dir='ltr'><strong>quam</strong></span> <span class='ocrx_word' id='word_1_132' title='bbox 264 2570 295 2630; x_wconf 93' lang='lat' dir='ltr'><strong>in</strong></span> <span class='ocrx_word' id='word_1_133' title='bbox 321 2571 454 2647; x_wconf 70' lang='lat' dir='ltr'><strong>Omana,</strong></span> <span class='ocrx_word' id='word_1_134' title='bbox 481 2589 540 2646; x_wconf 84' lang='lat' dir='ltr'><strong>quo</strong></span> <span class='ocrx_word' id='word_1_135' title='bbox 566 2571 716 2632; x_wconf 75' lang='lat' dir='ltr'><strong>mediante</strong></span> <span class='ocrx_word' id='word_1_136' title='bbox 743 2572 903 2634; x_wconf 87' lang='lat' dir='ltr'><strong>similitudo</strong></span> <span class='ocrx_word' id='word_1_137' title='bbox 927 2573 1073 2636; x_wconf 82' lang='lat' dir='ltr'><strong>Bonitatis</strong></span> 
     </span>
     <span class='ocr_line' id='line_1_21' title="bbox 143 2667 1075 2755; baseline 0.006 -20"><span class='ocrx_word' id='word_1_138' title='bbox 143 2680 264 2736; x_wconf 84' lang='lat' dir='ltr'><strong>aeternae</strong></span> <span class='ocrx_word' id='word_1_139' title='bbox 284 2673 316 2734; x_wconf 90' lang='lat' dir='ltr'><strong>iu</strong></span> <span class='ocrx_word' id='word_1_140' title='bbox 336 2673 506 2735; x_wconf 85' lang='lat' dir='ltr'><strong>inferiorem</strong></span> <span class='ocrx_word' id='word_1_141' title='bbox 522 2677 673 2733; x_wconf 79' lang='lat' dir='ltr'><strong>materiam</strong></span> <span class='ocrx_word' id='word_1_142' title='bbox 690 2667 863 2752; x_wconf 79' lang='lat' dir='ltr'><strong>explicatur.</strong></span> <span class='ocrx_word' id='word_1_143' title='bbox 879 2677 916 2736; x_wconf 88' lang='lat' dir='ltr'><strong>Et</strong></span> <span class='ocrx_word' id='word_1_144' title='bbox 933 2682 1075 2755; x_wconf 83' lang='lat' dir='ltr'><strong>quemad·</strong></span> 
     </span>
     <span class='ocr_line' id='line_1_22' title="bbox 144 2778 1122 2862; baseline 0.003 -20"><span class='ocrx_word' id='word_1_145' title='bbox 144 2782 270 2843; x_wconf 88' lang='lat' dir='ltr'><strong>modum</strong></span> <span class='ocrx_word' id='word_1_146' title='bbox 285 2781 419 2859; x_wconf 80' lang='lat' dir='ltr'><strong>perfeeto</strong></span> <span class='ocrx_word' id='word_1_147' title='bbox 433 2780 580 2840; x_wconf 76' lang='lat' dir='ltr'><strong>existente</strong></span> <span class='ocrx_word' id='word_1_148' title='bbox 591 2778 721 2853; x_wconf 74' lang='lat' dir='ltr'><strong>artifiee,</strong></span> <span class='ocrx_word' id='word_1_149' title='bbox 735 2785 824 2859; x_wconf 88' lang='lat' dir='ltr'><strong>atque</strong></span> <span class='ocrx_word' id='word_1_150' title='bbox 839 2781 950 2860; x_wconf 86' lang='lat' dir='ltr'><strong>optime</strong></span> <span class='ocrx_word' id='word_1_151' title='bbox 963 2803 1075 2862; x_wconf 80' lang='lat' dir='ltr'><strong>organo</strong></span> <span class='ocrx_word' id='word_1_152' title='bbox 1096 2801 1122 2845; x_wconf 79' lang='lat'><strong>15</strong></span> 
     </span>
     <span class='ocr_line' id='line_1_23' title="bbox 142 2883 1073 2967; baseline 0.001 -17"><span class='ocrx_word' id='word_1_153' title='bbox 142 2909 178 2952; x_wconf 83' lang='lat' dir='ltr'><strong>se</strong></span> <span class='ocrx_word' id='word_1_154' title='bbox 194 2890 340 2963; x_wconf 88' lang='lat' dir='ltr'><strong>habente,</strong></span> <span class='ocrx_word' id='word_1_155' title='bbox 358 2888 384 2950; x_wconf 86' lang='lat' dir='ltr'><strong>si</strong></span> <span class='ocrx_word' id='word_1_156' title='bbox 400 2888 552 2965; x_wconf 81' lang='lat' dir='ltr'><strong>contingat</strong></span> <span class='ocrx_word' id='word_1_157' title='bbox 568 2883 726 2967; x_wconf 79' lang='lat' dir='ltr'><strong>peceatum</strong></span> <span class='ocrx_word' id='word_1_158' title='bbox 742 2888 773 2948; x_wconf 91' lang='lat' dir='ltr'><strong>in</strong></span> <span class='ocrx_word' id='word_1_159' title='bbox 789 2889 887 2950; x_wconf 86' lang='lat' dir='ltr'><strong>forma</strong></span> <span class='ocrx_word' id='word_1_160' title='bbox 901 2890 995 2963; x_wconf 85' lang='lat' dir='ltr'><strong>Artis,</strong></span> <span class='ocrx_word' id='word_1_161' title='bbox 1011 2911 1073 2952; x_wconf 88' lang='lat' dir='ltr'><strong>ma·</strong></span> 
     </span>
     <span class='ocr_line' id='line_1_24' title="bbox 144 2994 1072 3072; baseline 0.002 -16"><span class='ocrx_word' id='word_1_162' title='bbox 144 2996 224 3058; x_wconf 74' lang='lat' dir='ltr'><strong>teria</strong></span> <span class='ocrx_word' id='word_1_163' title='bbox 240 3000 359 3056; x_wconf 88' lang='lat' dir='ltr'><strong>tantum</strong></span> <span class='ocrx_word' id='word_1_164' title='bbox 368 2994 578 3072; x_wconf 86' lang='lat' dir='ltr'><strong>imputandum</strong></span> <span class='ocrx_word' id='word_1_165' title='bbox 588 2998 650 3068; x_wconf 88' lang='lat' dir='ltr'><strong>est;</strong></span> <span class='ocrx_word' id='word_1_166' title='bbox 662 2995 718 3069; x_wconf 84' lang='lat' dir='ltr'><strong>sic,</strong></span> <span class='ocrx_word' id='word_1_167' title='bbox 733 3013 827 3072; x_wconf 88' lang='lat' dir='ltr'><strong>quum</strong></span> <span class='ocrx_word' id='word_1_168' title='bbox 837 2997 918 3056; x_wconf 81' lang='lat' dir='ltr'><strong>Deus</strong></span> <span class='ocrx_word' id='word_1_169' title='bbox 935 2996 1072 3058; x_wconf 89' lang='lat' dir='ltr'><strong>uitimum</strong></span> 
     </span>
     <span class='ocr_line' id='line_1_25' title="bbox 144 3100 1072 3181; baseline 0.002 -18"><span class='ocrx_word' id='word_1_170' title='bbox 144 3101 335 3180; x_wconf 86' lang='lat' dir='ltr'><strong>perfeetionis</strong></span> <span class='ocrx_word' id='word_1_171' title='bbox 356 3100 494 3178; x_wconf 81' lang='lat' dir='ltr'><strong>attingat,</strong></span> <span class='ocrx_word' id='word_1_172' title='bbox 513 3108 543 3162; x_wconf 92' lang='lat' dir='ltr'><strong>et</strong></span> <span class='ocrx_word' id='word_1_173' title='bbox 563 3101 796 3163; x_wconf 84' lang='lat' dir='ltr'><strong>instrumentum</strong></span> <span class='ocrx_word' id='word_1_174' title='bbox 814 3103 879 3181; x_wconf 85' lang='lat' dir='ltr'><strong>ejus</strong></span> <span class='ocrx_word' id='word_1_175' title='bbox 898 3104 991 3180; x_wconf 79' lang='lat' dir='ltr'><strong>(quod</strong></span> <span class='ocrx_word' id='word_1_176' title='bbox 1008 3103 1072 3166; x_wconf 85' lang='lat' dir='ltr'><strong>Goe·</strong></span> 
     </span>
     <span class='ocr_line' id='line_1_26' title="bbox 141 3207 1069 3287; baseline 0.003 -18"><span class='ocrx_word' id='word_1_177' title='bbox 141 3209 206 3269; x_wconf 84' lang='lat' dir='ltr'><strong>lum</strong></span> <span class='ocrx_word' id='word_1_178' title='bbox 222 3207 282 3282; x_wconf 81' lang='lat' dir='ltr'><strong>eat)</strong></span> <span class='ocrx_word' id='word_1_179' title='bbox 298 3209 415 3270; x_wconf 88' lang='lat' dir='ltr'><strong>nullum</strong></span> <span class='ocrx_word' id='word_1_180' title='bbox 431 3207 538 3270; x_wconf 78' lang='lat' dir='ltr'><strong>debita</strong></span> <span class='ocrx_word' id='word_1_181' title='bbox 552 3208 742 3287; x_wconf 77' lang='lat' dir='ltr'><strong>perfeetionis</strong></span> <span class='ocrx_word' id='word_1_182' title='bbox 758 3208 889 3287; x_wconf 88' lang='lat' dir='ltr'><strong>patiatur</strong></span> <span class='ocrx_word' id='word_1_183' title='bbox 907 3209 1069 3286; x_wconf 85' lang='lat' dir='ltr'><strong>deiectum,</strong></span> 
     </span>
     <span class='ocr_line' id='line_1_27' title="bbox 145 3315 1119 3396; baseline 0.008 -20"><span class='ocrx_word' id='word_1_184' title='bbox 145 3321 177 3376; x_wconf 86' lang='lat' dir='ltr'><strong>ut</strong></span> <span class='ocrx_word' id='word_1_185' title='bbox 200 3335 239 3378; x_wconf 86' lang='lat' dir='ltr'><strong>ex</strong></span> <span class='ocrx_word' id='word_1_186' title='bbox 262 3315 298 3378; x_wconf 89' lang='lat' dir='ltr'><strong>iis</strong></span> <span class='ocrx_word' id='word_1_187' title='bbox 323 3322 405 3394; x_wconf 89' lang='lat' dir='ltr'><strong>patet</strong></span> <span class='ocrx_word' id='word_1_188' title='bbox 426 3335 492 3394; x_wconf 79' lang='lat' dir='ltr'><strong>quae</strong></span> <span class='ocrx_word' id='word_1_189' title='bbox 513 3319 548 3377; x_wconf 78' lang='lat' dir='ltr'><strong>da</strong></span> <span class='ocrx_word' id='word_1_190' title='bbox 573 3316 646 3377; x_wconf 85' lang='lat' dir='ltr'><em>Coelo</em></span> <span class='ocrx_word' id='word_1_191' title='bbox 670 3316 931 3396; x_wconf 77' lang='lat' dir='ltr'><strong>pinlosophamur:</strong></span> <span class='ocrx_word' id='word_1_192' title='bbox 961 3324 1067 3391; x_wconf 88' lang='lat' dir='ltr'><strong>restat,</strong></span> <span class='ocrx_word' id='word_1_193' title='bbox 1091 3339 1119 3384; x_wconf 80' lang='lat'><strong>20</strong></span> 
     </span>
     <span class='ocr_line' id='line_1_28' title="bbox 145 3421 1070 3502; baseline 0.002 -20"><span class='ocrx_word' id='word_1_194' title='bbox 145 3423 226 3500; x_wconf 86' lang='lat' dir='ltr'><strong>quod</strong></span> <span class='ocrx_word' id='word_1_195' title='bbox 251 3422 395 3501; x_wconf 87' lang='lat' dir='ltr'><strong>quidquid</strong></span> <span class='ocrx_word' id='word_1_196' title='bbox 414 3423 446 3483; x_wconf 94' lang='lat' dir='ltr'><strong>in</strong></span> <span class='ocrx_word' id='word_1_197' title='bbox 466 3423 557 3482; x_wconf 79' lang='lat' dir='ltr'><strong>rebus</strong></span> <span class='ocrx_word' id='word_1_198' title='bbox 577 3421 766 3483; x_wconf 81' lang='lat' dir='ltr'><strong>interioribus</strong></span> <span class='ocrx_word' id='word_1_199' title='bbox 783 3428 829 3484; x_wconf 86' lang='lat' dir='ltr'><strong>est</strong></span> <span class='ocrx_word' id='word_1_200' title='bbox 846 3431 1016 3502; x_wconf 84' lang='lat' dir='ltr'><strong>peceatum,</strong></span> <span class='ocrx_word' id='word_1_201' title='bbox 1034 3443 1070 3484; x_wconf 86' lang='lat' dir='ltr'><strong>ex</strong></span> 
     </span>
     <span class='ocr_line' id='line_1_29' title="bbox 144 3527 1070 3608; baseline 0.003 -20"><span class='ocrx_word' id='word_1_202' title='bbox 144 3531 228 3603; x_wconf 83' lang='lat' dir='ltr'><strong>parte</strong></span> <span class='ocrx_word' id='word_1_203' title='bbox 250 3527 383 3589; x_wconf 84' lang='lat' dir='ltr'><strong>materiae</strong></span> <span class='ocrx_word' id='word_1_204' title='bbox 407 3527 590 3605; x_wconf 81' lang='lat' dir='ltr'><strong>subjacentis</strong></span> <span class='ocrx_word' id='word_1_205' title='bbox 607 3533 765 3607; x_wconf 84' lang='lat' dir='ltr'><strong>peecatum</strong></span> <span class='ocrx_word' id='word_1_206' title='bbox 783 3529 833 3602; x_wconf 89' lang='lat' dir='ltr'><strong>sit,</strong></span> <span class='ocrx_word' id='word_1_207' title='bbox 851 3535 880 3591; x_wconf 90' lang='lat' dir='ltr'><strong>et</strong></span> <span class='ocrx_word' id='word_1_208' title='bbox 902 3537 1009 3608; x_wconf 87' lang='lat' dir='ltr'><strong>praeter</strong></span> <span class='ocrx_word' id='word_1_209' title='bbox 1029 3531 1070 3592; x_wconf 92' lang='lat' dir='ltr'><strong>in·</strong></span> 
     </span>
    </p>
   </div>
   <div class='ocr_carea' id='block_1_7' title="bbox 0 0 1300 4038">
    <p class='ocr_par' dir='ltr' id='par_1_7' title="bbox 0 0 1300 4038">
     <span class='ocr_line' id='line_1_30' title="bbox 0 0 1300 4038; baseline 0 0"><span class='ocrx_word' id='word_1_210' title='bbox 0 0 1300 4038; x_wconf 95' lang='lat' dir='ltr'><strong> </strong></span> 
     </span>
    </p>
   </div>
  </div>
 </body>
</html>
