2590 4038
361 621 531 698 LIBER
570 623 862 703 SECUNDUS.

177 825 319 876 QUOMODO
339 827 476 870 ROMANUS
495 828 626 872 Poenius
644 830 681 870 DE
699 831 770 872 tuni:
788 832 844 874 SIBI
862 832 1033 877 Ansclvsfltr

322 925 460 967 OFFICIUM
483 927 661 970 MONARCHIAE
685 929 748 971 SiVE
771 930 895 977 turnult-

511 1557 642 1660 Cneur
677 1601 698 1660 L

529 1807 684 1852 Prooemium.

221 2022 319 2095 Quare
326 2008 507 2096 fremuerunt
515 2029 623 2100 centes,
636 2029 662 2082 et
668 2025 775 2101 populi
784 2025 914 2086 nuditati
922 2033 990 2086 sunt
1006 2028 1069 2088 inu·

138 2137 213 2199 nin?
227 2137 395 2198 Astiterunt
410 2137 497 2214 Reqas
512 2144 612 2214 terroe,
628 2143 654 2196 et
669 2137 817 2214 Principes
833 2113 1018 2198 convenerunt
1034 2139 1067 2197 in

140 2263 245 2318 anum,
269 2244 407 2302 aduersus
429 2242 601 2319 Dominum,
622 2249 648 2301 et
667 2245 804 2304 adrasus
829 2239 973 2305 Christum
996 2247 1067 2322 ejus.

141 2352 369 2428 Dinnmpamus
383 2350 497 2410 macula
511 2327 623 2426 eornm,
639 2355 664 2407 ct
681 2349 873 2424 projiciamus
889 2369 908 2408 a
927 2349 1008 2408 nobis
1016 2351 1067 2426 ju·

137 2476 206 2535 uum
222 2459 361 2535 nasorum.
379 2453 460 2516 Sicut
481 2455 519 2514 ad
536 2453 642 2515 faciem
655 2472 754 2514 causae
769 2473 831 2515 nou
851 2453 1067 2532 pertingentes,
1088 2468 1101 2511 o

141 2581 254 2623 novum
283 2561 422 2622 effectum
450 2559 649 2620 communiter
669 2557 870 2619 admiramur:
891 2558 950 2631 sic,
973 2579 1067 2636 quum

139 2687 266 2729 causam
288 2667 508 2744 cognoscimus,
528 2686 579 2726 eos
601 2665 651 2741 qui
674 2671 744 2726 sunt
763 2665 794 2725 in
811 2663 1006 2725 admiratione
1022 2684 1067 2726 re·

139 2781 271 2848 stantes,
294 2774 426 2852 quadam
448 2772 594 2834 derisione
616 2769 804 2849 despicimus.
827 2769 1007 2830 Admirabar
1031 2771 1067 2832 si·

139 2882 262 2959 quidem
283 2880 457 2959 aliquando,
476 2881 648 2941 Romanum
668 2879 811 2957 populum
830 2877 861 2938 in
877 2877 956 2938 Orbe
974 2883 1065 2940 terra·

137 2995 207 3046 rum
217 2984 283 3045 sine
294 2985 355 3045 ulla
365 2983 634 3045 resistentiaiuisse
645 2983 832 3061 praefectum,
843 3003 936 3061 quum
948 2991 1066 3048 tautum
1086 2997 1115 3042 rc

138 3089 366 3170 superficialiter
387 3088 506 3150 intuens
523 3089 619 3162 illum,
636 3089 718 3150 nullo
738 3089 821 3162 iure,
839 3090 894 3150 sed
910 3110 1064 3154 armorum

137 3195 348 3256 tantummodo
365 3194 517 3268 violentia,
535 3195 699 3257 obtinuisse
716 3197 892 3260 arbitrabar.
909 3198 969 3260 Sed
984 3205 1064 3279 post·

135 3319 230 3377 quam
242 3299 419 3361 medullitus
438 3301 539 3362 oculos
562 3303 671 3387 mentis
692 3302 787 3378 infixi,
806 3313 835 3366 et
854 3325 908 3386 per
922 3307 1063 3371 efficacis·

134 3406 213 3468 sima
226 3406 312 3485 signa
327 3407 457 3468 divinam
470 3408 690 3471 Providentiam
704 3410 761 3470 hoc
775 3412 909 3476 effecisse
922 3416 1061 3492 cognovi3

134 3515 335 3577 admiratione
355 3517 493 3590 cedente,
514 3515 641 3578 decisivo
661 3517 798 3594 quaedam
819 3523 991 3598 supervenit
1010 3523 1062 3585 de·
1082 3533 1110 3578 rs

134 3623 259 3701 spectio.
287 3611 491 3702 corrigentes
517 3625 651 3687 noverim
676 3628 781 3686 contra
806 3625 934 3687 Romani
962 3630 1061 3706 populi
