2560 4022
208 154 245 210 60
482 167 519 208 nn
537 168 663 210 runcum
681 168 870 218 snoounurn.

213 295 363 356 Contioms
381 296 511 360 illustres
534 297 707 378 incipientes
730 303 851 376 abillo,
873 306 906 364 ut
927 301 1078 364 Gerendus
1100 305 1141 364 de

212 405 366 467 Bornello:
562 407 564 410 ’

162 540 191 586 20
370 541 384 577 «
397 523 455 579 Ara
468 525 587 580 auziretz
606 527 754 583 encabalitz
770 529 908 585 chanlars.
920 549 933 582 r

214 663 300 738 Quod
317 683 440 724 carmen
455 663 524 724 licet
537 667 746 746 decasyllcbum
759 665 1084 762 videatunsecundum
1095 669 1141 728 rei

212 771 379 844 veritatem,
401 773 643 850 endecasyllabum
667 779 731 834 est:
752 793 823 833 nam
844 774 910 833 duee
936 779 1139 834 consonantes

213 885 353 940 extremae
370 900 431 941 non
448 884 518 939 sunt
535 881 573 940 de
588 880 703 957 syllaba
718 879 914 957 praecedente.
935 877 973 936 Et
988 877 1054 936 licet
1071 895 1140 954 pro-

212 992 308 1069 priam
324 991 459 1051 vocalem
478 1009 540 1051 non
560 991 703 1064 habeant,
721 989 861 1050 virtulem
881 989 1001 1066 syllabae
1017 1006 1080 1048 non
1097 992 1139 1048 ta·

164 1111 191 1154 ‘25
211 1113 282 1154 men
298 1093 447 1154 amittunt.
458 1092 582 1169 Signum
595 1099 697 1154 autem
714 1099 772 1168 est,
783 1097 863 1173 quod
879 1097 1013 1156 cithiman
1028 1093 1068 1154 ibi
1078 1114 1140 1154 una

211 1200 304 1260 vocab
320 1201 484 1278 perficitur,
503 1203 583 1278 quod
601 1212 745 1264 essenon
765 1209 880 1282 posset,
897 1203 954 1266 nisi
971 1203 1079 1265 virtute
1100 1205 1141 1264 al·

211 1307 302 1368 terius
320 1306 361 1366 ibi
377 1307 598 1368 subintellectae.

254 1435 257 1440 ·
292 1414 358 1474 Rex
374 1412 539 1473 Navarriee:

375 1556 440 1611 «De
454 1556 493 1610 fin
508 1555 596 1610 Amor
610 1553 634 1610 si
647 1554 723 1610 vient
738 1559 829 1610 senet
843 1552 960 1607 boote.»

166 1704 195 1750 oo
214 1687 271 1749 Ubi
288 1687 314 1749 si
328 1689 532 1750 consideretur
552 1692 706 1762 accentus,
726 1693 756 1748 et
772 1688 837 1766 ejus
857 1705 965 1765 pausa,
982 1687 1140 1766 endecasyl-

213 1796 309 1856 labum
327 1814 394 1856 esse
411 1795 567 1856 constabit.

292 1903 387 1966 Guido
404 1902 569 1963 Guinicelli:

374 2047 387 2083 α
399 2029 434 2082 Al
449 2045 516 2083 cuor
530 2028 615 2098 gentil
632 2029 724 2101 ripara
739 2047 850 2104 sempre
865 2032 978 2088 Amore.
990 2049 1003 2086 r

294 2169 392 2230 ludex
409 2169 446 2228 de
462 2168 616 2230 Columnis
633 2170 670 2231 de
687 2171 839 2233 Messana:

166 2334 193 2378 55
371 2317 497 2388 «Amor,
511 2318 563 2374 che
578 2319 756 2391 longamente
767 2321 860 2377 m’hai
874 2327 994 2379 menate.
1009 2343 1021 2375 s

292 2456 446 2518 Renaldus
463 2457 500 2516 de
513 2457 646 2533 Aquino:

341 2557 346 2586 l

374 2597 454 2652 «Per
468 2597 525 2650 tino
539 2595 642 2651 Amore
657 2613 691 2652 vo
706 2597 730 2652 sl
743 2596 938 2652 lictamente.»

294 2734 385 2798 (linus
402 2733 607 2798 pistoriensis:

374 2872 461 2928 «Non
475 2890 557 2946 spero
571 2874 622 2929 ebe
636 2874 768 2944 giammai
780 2891 832 2946 per
845 2874 901 2930 mia
916 2875 1013 2930 salute.
1027 2893 1040 2928 »

164 3020 195 3066 lo
292 3007 415 3068 Amicus
432 3009 513 3086 ejus:

373 3147 500 3217 «Amor,
516 3149 567 3203 che
582 3149 674 3204 muovl
689 3157 736 3203 tua
750 3147 823 3202 virtu
838 3148 883 3204 dal
897 3148 1002 3204 ciclo.»

217 3277 255 3340 Et
272 3276 342 3337 licet
361 3277 419 3338 hoc
438 3279 679 3358 endecasyllabum
703 3279 929 3344 celeberrimum
949 3300 1086 3356 carmen,
1107 3289 1142 3342 ut

217 3383 329 3448 dictum
345 3389 405 3457 est,
422 3383 557 3445 videatur
570 3385 703 3446 omnium
716 3386 855 3462 aliorum,
870 3387 896 3449 si
911 3389 1079 3468 epmsylbzbi
1089 3388 1141 3448 ali-

216 3491 336 3569 qualem
365 3488 541 3552 societatem
570 3501 719 3566 assumat,
746 3494 909 3556 dummodo
938 3493 1141 3574 principatum
