2556 4032
224 173 259 227 72
496 182 533 222 nu
551 179 676 223 russum
694 177 883 226 succussus.

178 327 204 374 st
223 314 274 373 bet
296 312 401 371 Versus
418 315 497 369 esset
516 307 631 366 duobus
654 304 843 384 eptasyllabis
861 304 980 378 metris,
1004 312 1034 365 et
1057 305 1154 367 Frons

227 423 308 480 esset
323 419 520 494 pentametra,
533 414 649 473 duobus
664 411 898 488 endecasyllabis
916 416 946 471 et
961 410 1056 473 tribus
1074 423 1155 492 epta·

153 517 155 523 ’
227 528 348 606 syllabis
374 530 520 587 contexta.
543 524 728 600 Quandoque
750 541 821 583 vero
842 523 930 581 Pedes
952 521 1083 590 Ouudem
1105 543 1153 584 su-

225 639 332 713 perant
348 631 530 693 carminibus
548 634 578 690 et
594 627 728 705 syllabis,
739 631 772 687 ut
785 626 816 686 in
829 627 891 700 illa,
903 647 994 704 quarn
1009 627 1154 689 diximus:

387 789 511 856 «Amor,
528 786 580 840 che
594 785 687 840 muovi
702 791 750 839 tua
763 785 835 840 virtrl
850 786 896 840 dal
911 786 1022 842 Glale.»

178 966 206 1012 so
225 955 411 1031 Quandoque
428 954 516 1012 Pedes
536 971 554 1011 1
575 952 705 1029 Syracuse
722 954 901 1028 superantur
922 950 952 1010 in
972 955 1047 1024 toto,
1066 956 1100 1012 ut
1121 953 1152 1012 in

225 1062 287 1135 illa,
306 1080 397 1137 quam
414 1057 560 1119 diximus:

389 1209 511 1263 «Donna
526 1207 646 1279 pietosa,
663 1222 678 1260 e
693 1205 721 1259 di
735 1205 844 1260 novella
857 1209 965 1260 11111.»

226 1375 264 1434 Ε1
290 1369 544 1449 quemadmodum
571 1365 709 1440 diximuS,
738 1367 873 1426 Pronum
898 1385 987 1444 posse
1008 1384 1154 1443 superare

147 1451 152 1462 Δ
226 1475 420 1548 carminibus,
438 1481 468 1535 et
484 1473 605 1550 syllabis
623 1473 768 1552 superari,
788 1480 816 1534 et
839 1494 855 1534 e
877 1475 1038 1548 contrari0;
1056 1476 1099 1536 sic
1117 1477 1154 1536 de

181 1592 207 1636 ss
227 1581 358 1658 Syrmete
374 1578 508 1638 dicimus.
530 1580 619 1638 Pedes
640 1598 758 1656 quoque
781 1581 887 1640 Versus
900 1580 938 1640 'in
957 1601 1092 1642 numero.
1109 1602 1156 1642 su·

227 1690 344 1764 perant,
367 1689 397 1744 11
418 1688 599 1763 superantur
616 1686 653 1744 ab
670 1684 720 1746 iis:
738 1694 866 1764 possunt
887 1689 966 1748 enim
983 1688 1013 1750 in
1038 1691 1156 1750 Stantis

229 1812 297 1853 esse
314 1797 375 1851 tres
392 1792 480 1851 Pedes
491 1798 521 1852 11
538 1793 613 1852 duos
636 1795 759 1872 Versus,
775 1799 804 1855 11
820 1802 882 1856 1111
906 1797 1011 1856 Versus
1028 1803 1058 1857 et
1079 1798 1156 1857 duos

230 1901 330 1958 Pedes:
347 1915 402 1957 nec
418 1897 475 1956 hoo
490 1915 616 1957 numero
630 1895 802 1970 limitemur,
821 1897 891 1975 quin
904 1898 992 1961 liceat
1008 1901 1110 1977 plures
1129 1904 1157 1960 et

228 2008 317 2066 Pedes
333 2007 363 2065 11
385 2005 491 2063 Versus
507 1980 594 2062 simul
610 2006 777 2064 contexere.
793 2003 830 2066 Et
847 2007 1102 2081 quemadmodum
1120 2008 1156 2067 de

182 2129 210 2174 40
229 2112 353 2173 victoria
379 2109 545 2169 carminum
571 2116 600 2169 et
625 2111 808 2186 syllabarum
834 2112 961 2174 diximus
981 2113 1058 2174 inter
1085 2114 1155 2186 alia,

228 2238 309 2280 nuuc
326 2217 417 2278 etiam
432 2216 509 2277 inter
525 2218 613 2276 Pedes
631 2223 661 2278 et
680 2220 785 2279 Versus
801 2219 939 2294 dicimus;
956 2240 1028 2281 nam
1048 2220 1155 2282 eodem

131 2325 134 2330 “
228 2324 318 2384 modo
334 2321 423 2394 vinci,
447 2328 476 2381 et
497 2320 615 2382 vincere
636 2327 771 2399 possunt.
789 2323 852 2384 Nec
868 2325 1155 2402 praetermittendum

228 2435 286 2501 est,
305 2428 385 2507 quod
407 2445 463 2488 nos
484 2447 501 2487 1
521 2430 670 2489 contrario
692 2431 832 2507 regulatis
854 2431 953 2492 Poetis
975 2433 1064 2492 Pedes
1080 2431 1155 2492 acci·

228 2540 340 2617 pimus,
357 2538 426 2616 quia
441 2537 482 2598 illi
504 2556 626 2598 carmen
644 2558 680 2598 ex
697 2540 836 2617 Pedibus,
859 2559 914 2600 nos
937 2559 1008 2602 vero
1033 2559 1069 2600 ex
1092 2559 1155 2600 car·

180 2646 356 2706 luminibus
383 2646 484 2704 Pedem
511 2649 650 2706 constare
677 2645 819 2719 dicimus,
847 2653 880 2706 ut
905 2647 977 2707 satis
1003 2647 1154 2708 evidenter

227 2757 360 2830 apparet.
377 2749 438 2810 Nec
458 2748 549 2809 etiam
565 2750 852 2826 praetermittendum
873 2755 931 2823 111,
954 2750 1025 2827 quin
1044 2751 1154 2810 iterum

228 2877 413 2931 asseramus,
435 2858 524 2917 Pedes
543 2857 582 2916 ab
603 2855 730 2916 invicem
750 2857 920 2917 necessario
942 2859 1103 2918 carminum
1123 2862 1153 2918 ct

226 2968 401 3045 spllcberum
424 2964 637 3042 aequalitatem,
660 2970 689 3024 et
708 2965 901 3026 habitudines
918 2966 1065 3043 accipere,
1084 2965 1152 3044 quia

227 3095 289 3136 non
309 3079 393 3136 aliter
418 3081 522 3138 cantus
549 3074 685 3154 repetitio
706 3075 769 3136 lieri
795 3082 906 3153 posset.
931 3076 996 3137 Hoc
1020 3077 1101 3137 idem
1121 3076 1152 3136 in

180 3197 207 3242 50
233 3180 367 3238 Versebus
383 3197 450 3238 esse
467 3181 651 3241 servandum
668 3182 838 3244 astruimus.
