2560 4022
257 188 293 246 26
531 202 568 243 uu
586 201 711 244 rumam
728 203 919 254 succurrunt.

260 334 346 395 aliter
370 333 574 411 intelliguntur
600 354 654 412 per
672 337 779 409 verba,
805 356 897 414 quam
919 338 983 400 sine
1008 338 1122 415 verbis;
1150 342 1196 402 de

259 441 402 502 idiomate
418 441 467 502 illo
484 441 586 502 veneri
600 462 657 503 nos
672 443 772 518 decet,
789 463 850 522 quo
866 445 917 506 Vir
930 446 994 506 sine
1010 452 1123 520 matre,
1136 447 1196 508 Vir

225 573 239 616 a
260 551 325 610 sine
338 551 424 623 lacte,
439 549 488 626 qui
504 567 603 626 neque
617 547 797 628 pupillarem
808 553 935 623 aetatem,
951 567 1007 611 nec
1020 549 1092 612 vidit
1105 551 1190 611 adul-

258 661 335 729 tam,
352 655 481 717 creditur
497 674 580 716 usus.
602 654 636 715 ln
653 655 722 728 hoc,
742 653 816 715 sicut
833 653 924 716 etiam
939 655 970 715 in
987 654 1088 716 multis
1105 655 1186 730 aliis,

257 760 429 822 Petramala
442 760 545 822 civitas
559 761 745 840 amplissima
755 767 816 835 est,
832 766 863 823 et
873 762 973 841 patria
985 761 1094 840 majori
1108 763 1189 842 parti

257 866 387 927 filiorum
406 866 514 927 Adam.
537 866 616 927 Nam
636 867 817 945 quicumque
844 875 908 929 tam
933 869 1072 929 obscenae
1097 869 1190 931 ratio·¹

257 975 303 1034 nis
325 980 383 1046 est,
404 977 438 1034 ut
458 973 558 1034 locum
572 992 635 1033 suae
654 971 783 1034 nationis
805 971 1060 1034 delitiosissimum
1080 974 1188 1034 credat

207 1092 237 1137 ro
256 1099 324 1140 esse
344 1079 401 1139 sub
422 1078 505 1150 Sole,
525 1076 594 1138 huic
615 1078 706 1138 etiam
726 1096 788 1156 prae
809 1076 925 1138 cunctis
945 1077 1101 1156 proprium
1116 1079 1187 1140 Vul-

256 1207 327 1266 gare
348 1185 461 1259 licebit,
483 1185 562 1246 idest
581 1190 752 1246 maternam
771 1184 967 1258 locutionem,
992 1203 1186 1262 preponere:

255 1301 285 1355 et
300 1315 354 1374 per
368 1313 557 1372 consequens
575 1294 697 1354 credere
710 1293 811 1372 ipsum
825 1292 917 1354 fuisse
932 1292 1017 1367 illud,
1032 1294 1113 1370 quod
1129 1292 1188 1354 fuit

256 1403 339 1463 Adae.
356 1403 417 1463 Nos
435 1406 537 1462 autem
554 1401 600 1464 cui
616 1403 748 1462 mundus
766 1409 813 1463 est
828 1402 937 1480 patria,
958 1401 1039 1462 velut
1054 1400 1188 1479 piscibus

255 1525 369 1583 aequor,
392 1525 577 1586 quamquam
595 1509 727 1570 Samum
753 1509 916 1571 biberimus
934 1513 1004 1570 aute
1018 1511 1136 1583 dentes,
1154 1514 1186 1570 et

208 1608 234 1653 ¹⁵
254 1610 437 1672 Florentiam
453 1613 529 1672 adeo
546 1611 716 1691 diligamus,
735 1617 768 1673 ut
786 1612 855 1690 quia
873 1611 1045 1686 dileximus,
1063 1610 1185 1672 exilium

253 1715 402 1793 patiamur
418 1715 541 1795 injuste,
558 1716 674 1778 ratione
687 1715 796 1794 magis,
812 1737 904 1794 quam
918 1737 1024 1790 sensu,
1043 1718 1185 1796 scapulas

253 1822 348 1883 nostri
372 1822 473 1901 judicii
497 1823 664 1902 podiamus.
691 1823 729 1884 Et
759 1827 895 1902 quamvis
927 1826 966 1886 ad
995 1825 1182 1904 voluptatem

252 1935 404 2004 nostram,
426 1931 487 1992 sive
508 1937 620 1992 nostrae
645 1931 848 1991 sensualitatis
875 1931 1018 2009 quietem,
1039 1931 1071 1991 in
1092 1932 1185 1994 terris

253 2039 399 2099 amoenior
414 2039 511 2112 locus,
530 2053 622 2117 quam
642 2039 792 2101 Florentia
808 2059 870 2101 non
887 2039 1007 2112 existat,
1029 2041 1184 2101 revolven-
1239 2051 1246 2068 ⁸

204 2142 233 2187 ‘2⁰
252 2148 299 2202 tes
317 2148 347 2202 et
360 2143 537 2217 Poetarum,
554 2149 583 2204 et
596 2144 723 2204 aliorum
740 2143 927 2223 Scriptorum
941 2144 1105 2218 volumina,
1119 2142 1184 2222 qui·

252 2251 309 2309 bus
331 2249 462 2310 mundus
483 2247 702 2322 universaliter,
724 2253 753 2308 et
774 2247 966 2310 membratim
988 2246 1182 2320 describitur,

252 2353 524 2432 ratiocinantesque
543 2353 575 2415 in
590 2354 677 2415 nobis
699 2353 873 2416 situationes
894 2353 992 2414 varias
1015 2352 1119 2414 mundi
1139 2354 1182 2414 lo·

252 2479 371 2534 corum,
389 2466 419 2522 ct
435 2481 541 2522 eorum
558 2461 763 2522 habitudinem
779 2463 819 2523 ad
839 2467 1002 2540 utrumque
1025 2462 1128 2541 polum
1141 2444 1180 2523 ¹et

252 2565 396 2627 circulum
413 2572 612 2645 aequatorem,
629 2570 740 2630 multas
759 2589 826 2632 esse
843 2569 1069 2648 perpendimus,
1087 2569 1180 2630 firmi-

203 2678 231 2721 ‘25
250 2678 355 2750 terque
369 2694 542 2749 censemus,
560 2681 589 2738 et
606 2679 701 2754 magis
718 2676 847 2750 nobiles,
864 2680 893 2737 et
909 2675 1005 2753 magis
1026 2675 1178 2736 delitiosas

252 2783 282 2838 ct
301 2779 438 2856 regiones
460 2787 490 2842 et
506 2783 611 2856 urbes,
633 2803 726 2861 quam
747 2784 910 2845 Thusciam
931 2789 961 2846 ct
979 2783 1176 2857 Florentiam,

250 2889 330 2948 unde
348 2908 416 2950 sum
437 2888 581 2951 oriundus
603 2895 633 2949 et
651 2887 734 2960 civis,
752 2891 782 2948 et
798 2888 957 2965 plerasque
977 2886 1128 2960 nationes,
1147 2893 1177 2946 et

250 2999 353 3071 gentes
374 2995 587 3058 delectabiliori
602 3001 692 3073 atque
715 2993 824 3055 utiliori
844 3014 983 3074 sermone
1003 2995 1058 3066 uti,
1084 3013 1175 3070 quam

249 3099 380 3159 Latinos.
401 3101 573 3162 Redeuntes
589 3099 677 3176 igitur
697 3100 735 3159 ad
751 3098 938 3178 propositum
958 3097 1096 3172 dicimus,
1114 3117 1177 3159 cer·

199 3211 229 3256 50
248 3206 311 3261 tam
332 3202 461 3263 formam
479 3203 637 3264 locutionis
658 3204 755 3266 aDeo
772 3224 842 3266 cum
862 3205 971 3266 Anima
986 3205 1084 3286 prima
1104 3225 1179 3268 con·

248 3310 380 3367 creatam
404 3307 508 3382 luisse3
535 3307 600 3370 dico
628 3314 730 3371 autem
753 3312 893 3388 formam,
914 3319 944 3372 et
969 3318 1116 3389 quantum
1136 3313 1173 3372 ad

246 3433 349 3474 rerum
366 3416 522 3489 vocabula,
541 3423 571 3478 et
587 3425 735 3495 quantum
751 3419 790 3479 ad
806 3419 1021 3482 vocabulorum
1036 3423 1172 3480 constru-

247 3518 389 3596 ctionem,
418 3524 448 3582 et
472 3524 618 3598 quantum
643 3522 683 3582 ad
709 3521 936 3584 constructionis
961 3519 1173 3600 prolationem,
