2590 4038
188 138 243 194 260
539 150 577 191 nr:
596 149 775 191 uerrucam.

134 356 139 368 ι
191 283 323 345 medium
337 279 541 340 necessarium
552 281 590 340 ad
603 279 694 340 finem
707 280 831 339 Naturae
841 277 1060 352 universalem,
1074 297 1126 338 ne·

192 411 277 452 cesse
287 397 344 460 est,
356 389 502 448 Naturam
515 387 614 465 ipsum
628 386 790 446 intendere.
807 386 933 462 Propter
947 385 1028 460 quod
1044 385 1125 444 bene

188 493 390 569 Philosophus,
401 491 546 551 Naturam
561 510 681 568 semper
694 510 784 568 agere
795 496 915 568 propter
926 491 1018 551 finem
1028 491 1075 564 ,in
1084 511 1126 551 se·

142 614 171 660 so
189 601 281 660 modo
295 600 333 658 de
349 599 479 658 naturali
489 598 604 656 Audito
616 596 780 673 probatblt
793 595 863 673 quia
880 597 918 656 ad
933 597 1014 656 hunc
1029 597 1123 657 finem

190 705 304 765 Natura
318 703 486 780 pertingere
499 721 558 761 non
573 707 672 778 potest
688 720 850 779 perunum
866 703 1033 776 hominem,
1052 723 1124 763 cum

191 810 292 870 multae
309 809 367 869 sint
386 785 575 886 operationes
591 807 767 884 necessariae
782 807 949 885 adipsum,
965 829 1033 886 quae
1048 811 1125 869 mul·

192 919 347 980 titudinem
365 917 520 994 requirunt
540 916 571 976 in
591 918 800 995 operantibus:
821 937 948 979 necesse
966 923 1011 979 est
1032 918 1126 980 -Natu-

104 1027 109 1038 '
192 1043 258 1084 ram
275 1024 440 1100 producere
457 1020 613 1082 hominum
626 1021 864 1096 multitudinem,
879 1024 917 1083 ad
931 1023 1124 1100 operationes

142 1141 170 1186 ss
193 1127 408 1195 ordinatorum.
430 1127 476 1187 Ad
498 1128 578 1203 quod
598 1121 728 1187 multum
749 1126 922 1198 conferunt,
944 1134 1054 1204 praeter
1075 1146 1124 1186 su·

191 1238 339 1316 periorem
355 1234 555 1307 influentiam,
567 1234 703 1294 locorum
716 1229 890 1290 inferiorum
907 1234 937 1289 et
950 1228 1076 1289 virtutes
1091 1234 1123 1290 et

191 1341 398 1421 proprietates.
416 1342 541 1416 Propter
559 1340 639 1415 quod
656 1338 806 1410 videmus,
824 1336 1043 1414 quodquidam
1060 1357 1121 1398 non

161 1501 164 1506 .
191 1447 290 1509 solum
307 1447 472 1523 singulares
486 1443 637 1516 homines,
658 1443 729 1520 quin
748 1441 837 1502 etiam
854 1441 966 1519 populi,
986 1440 1048 1518 apti
1061 1441 1125 1500 nati

191 1557 260 1614 sunt
275 1554 312 1612 ad
329 1549 499 1630 principari,
518 1551 640 1628 quidam
655 1551 693 1610 ad
707 1547 813 1626 subjici
828 1553 919 1626 atque
935 1546 1121 1608 ministrare:

141 1671 170 1717 40
189 1665 223 1719 ut
235 1659 425 1734 Philosophus
441 1654 567 1717 adstruit
575 1656 605 1715 in
615 1654 650 1714 iis
665 1673 731 1731 quae
745 1656 780 1713 de
793 1655 938 1728 Politicis;
954 1657 983 1712 et
999 1652 1122 1723 talibus,

190 1766 223 1823 ut
250 1760 314 1839 ipse
335 1761 419 1834 dicit,
438 1780 496 1821 uon
516 1761 607 1820 solum
627 1761 689 1836 rapi
708 1765 749 1819 est
768 1760 940 1836 expediens,
960 1761 1010 1818 sed
1031 1766 1057 1818 et
1071 1762 1122 1836 ju·

190 1875 276 1942 dum,
295 1869 410 1928 etiamsi
426 1870 465 1927 ad
482 1869 533 1926 hoc
549 1874 695 1944 coquntur.

179 2013 189 2030 .
271 1976 344 2049 Quae
361 1975 385 2034 si
401 1973 442 2036 ita
463 1993 496 2034 se
517 1974 643 2044 habent,
661 1992 722 2033 non
737 1971 867 2041 ,dubium
890 1975 951 2044 est,
971 1972 1043 2048 quin
1064 1972 1123 2032 Na·

189 2083 258 2142 tura
273 2083 364 2140 locum
380 2084 409 2139 et
423 2086 531 2155 pentem
545 2075 723 2153 disposuerit
743 2077 774 2136 in
795 2079 921 2150 mundo,
944 2078 982 2137 ad
1004 2078 1121 2138 unirer·

139 2200 166 2245 45
188 2183 291 2247 seliter
310 2182 552 2260 principandum:
575 2180 661 2240 aliter
686 2179 740 2240 sibi
766 2181 938 2255 defecisset,
967 2183 1048 2258 quod
1073 2188 1121 2242 est

188 2287 380 2367 impossibile.
397 2287 469 2360 Quis
486 2292 588 2346 autern
603 2285 692 2347 fuerit
711 2289 803 2365 locus,
824 2294 854 2349 et
875 2307 942 2365 quae
960 2309 1046 2367 pene,
1067 2309 1123 2368 per

190 2393 269 2456 dicta
289 2392 426 2472 superius
444 2399 473 2452 et
490 2411 542 2472 per
560 2393 686 2454 dicenda
702 2393 825 2454 inferius
843 2394 916 2455 satis
934 2401 980 2455 est
996 2393 1093 2454 manif
1111 2427 1121 2437 ·
1164 2455 1168 2462 ,

190 2504 271 2562 stum
297 2501 378 2576 quod
403 2499 491 2560 luerit
512 2501 617 2578 Romo,
640 2505 669 2560 et
690 2502 768 2560 Cives
788 2501 867 2578 ejus,
894 2499 956 2560 sire
983 2501 1124 2577 Populus.

190 2608 277 2682 Quod
295 2613 324 2668 et
346 2609 432 2668 Porto
455 2613 558 2668 noster
579 2607 665 2667 valde
689 2607 834 2668 subtiliter
857 2605 888 2666 in
910 2614 988 2667 recto
1009 2606 1121 2683 tetigit,

141 2725 171 2772 no
189 2710 385 2772 introducens
398 2710 550 2778 Anchisen
568 2716 805 2789 praemonentem
819 2711 956 2787 AEneam,
973 2713 1125 2776 Romano·

190 2839 258 2882 rum
275 2826 403 2898 patrem,
419 2819 475 2880 sic:

273 2953 420 3009 'Excudent
435 2953 480 3008 alii
496 2951 629 3024 spirantia
643 2952 754 3006 mollius
769 2968 841 3020 aera,

278 3042 367 3098 Credo
382 3043 526 3113 equidem,
544 3042 618 3094 vivos
633 3040 734 3093 ducent
750 3039 784 3092 de
800 3055 940 3094 marmore
956 3039 1065 3108 vultus,

277 3133 404 3190 Orabunt
419 3148 516 3186 causas
531 3131 646 3196 melius,
663 3129 778 3199 caelique
794 3135 903 3184 meatus

278 3209 439 3278 Describam
454 3219 549 3286 radio,
566 3224 592 3272 et
607 3218 749 3287 surgentia
764 3217 856 3271 sidera
871 3217 977 3271 dicent:

278 3305 318 3359 Tu
335 3322 430 3372 regere
446 3306 563 3376 imperio
579 3305 709 3376 populos,
726 3305 865 3373 Romane,
883 3309 1037 3373 memento;

278 3395 328 3448 Hae
343 3393 391 3446 tibi
407 3400 490 3446 erunt
502 3400 589 3462 artes,
606 3397 725 3467 pacique¹
735 3395 880 3465 imponere
896 3411 1017 3461 morem,

276 3483 394 3536 Parcere
409 3480 558 3552 subjectis,
575 3489 603 3538 et
616 3484 757 3539 debellare
772 3484 918 3556 superbos.
