2578 4038
223 296 277 352 294
571 308 609 349 nr
627 307 807 356 nouandum.

305 439 391 512 Quod
419 439 443 499 si
469 438 561 499 verba
585 437 635 498 illa
660 436 769 497 Christi
795 443 823 498 et
849 436 930 498 Petri
955 437 1052 516 typice
1078 449 1152 501 sunt

176 569 205 613 eo
224 546 414 625 accipienda,
430 565 491 605 non
510 545 549 604 ad
570 544 628 603 hoc
649 547 764 613 tamen,
786 541 865 617 quod
888 539 987 600 dicunt
1008 540 1071 616 isti,
1095 546 1153 602 tra·

223 656 323 716 henda
339 661 425 726 sunt,
445 653 498 714 sed
514 650 672 711 referenda
692 648 730 708 ad
747 665 870 707 sensum
887 645 965 706 illius
989 645 1089 724 gladii,
1112 647 1149 708 de

223 780 281 838 quo
299 761 455 820 Matthaeus
473 758 574 819 scribit
591 757 644 818 sic:
666 755 759 816 Nolite
775 755 918 814 arbitrari
933 756 1001 832 quio
1020 757 1085 815 oeni
1095 775 1151 832 po·

222 887 279 930 cem
293 871 404 928 mittere
419 869 451 926 io
471 874 593 926 want:
611 882 669 923 noo
688 863 751 920 oeni
764 878 865 938 paoem
880 859 1003 934 mittere,
1023 859 1073 916 sed
1091 859 1155 936 glo-

220 978 313 1036 diom.
348 975 419 1035 Veot
448 973 522 1032 enim
551 988 688 1048 soporare
713 969 851 1028 bominem
877 967 1013 1026 aduersus
1034 972 1149 1042 patrem

175 1092 203 1136 ee
220 1097 319 1154 auum,
336 1081 389 1137 etc.
410 1075 496 1148 Quod
514 1073 635 1151 quidem
661 1071 774 1132 littam
796 1073 900 1144 verbo,
926 1090 1018 1148 quarn
1044 1091 1147 1149 opere.

221 1177 345 1256 Propter
362 1177 442 1254 quod
456 1175 573 1236 dicebat
587 1177 684 1237 Lucas
698 1177 737 1236 ad
752 1176 962 1254 Theophilum:
978 1179 1048 1252 Qooe
1066 1182 1150 1256 coepit

221 1287 305 1346 Jesus
322 1285 419 1360 socero
438 1292 463 1344 et
479 1287 583 1356 dooere.
605 1285 711 1346 Talem
731 1283 861 1363 gladium
881 1284 1018 1346 Christus
1045 1305 1150 1348 emere

220 1389 422 1471 praecipiebat,
440 1410 531 1468 quem
554 1390 702 1468 duplicem
717 1392 758 1452 ibi
775 1411 843 1452 esse
859 1393 967 1452 Petrus
990 1393 1083 1454 etiarn
1103 1414 1149 1456 re·

221 1497 397 1574 spondebat.
415 1496 461 1556 Ad
482 1496 574 1556 verba
594 1495 674 1556 enim
695 1503 725 1556 et
744 1515 836 1574 opera
856 1497 952 1575 parati
974 1503 1074 1573 erant,
1096 1519 1149 1578 per

160 1627 204 1672 100
224 1624 290 1682 quae
304 1605 436 1665 facerent
450 1605 529 1682 quod
546 1603 682 1665 Christus
697 1605 827 1678 dicebat3
842 1603 965 1678 scilieet,
982 1605 1149 1667 sevenisse

221 1710 371 1788 facturum
387 1730 442 1790 per
458 1709 601 1788 gladium,
618 1716 651 1772 ut
668 1709 778 1772 dictum
795 1719 849 1772 est.

605 1985 702 2046 Carur
721 1987 756 2045 X.

278 2177 315 2221 An
330 2178 409 2222 valeat
420 2178 589 2229 argumentum
598 2176 751 2228 desumptum
763 2187 777 2218 a
787 2175 913 2218 donatione
923 2174 1089 2232 Constantini,

323 2259 346 2300 et
357 2257 388 2300 ab
401 2255 558 2299 advocatione
569 2255 647 2299 Caroli
659 2255 736 2306 Magni
748 2265 791 2308 per
802 2254 936 2296 ,adrianum
946 2255 1045 2307 Papam.

297 2470 405 2532 Dicunt
417 2470 538 2550 quidam
548 2472 646 2532 adhuc
657 2471 735 2548 quod
746 2469 959 2532 Constantinus
970 2471 1146 2550 Imperator,

216 2585 378 2646 mundatus
395 2603 413 2643 a
433 2583 517 2661 lepra
536 2580 748 2643 intercessione
769 2579 922 2656 sylvestri,
940 2584 1011 2640 tunc
1028 2579 1146 2640 Summi

214 2693 379 2768 Pontificis,
397 2694 520 2771 Imperii
540 2694 658 2765 sedern,
675 2689 785 2751 scilicet
800 2693 936 2765 Romam,
953 2689 1075 2752 donarit
1092 2693 1147 2751 Ee·

216 2801 408 2877 clericatum
428 2798 528 2859 multis
555 2797 619 2859 aliis
644 2799 766 2874 Imperii
786 2795 986 2874 dignitatibus.
1012 2796 1058 2857 Ex
1079 2818 1139 2876 quo

183 2907 361 2980 larguunt,
379 2901 535 2978 dignitates
560 2901 625 2962 illas
650 2902 775 2978 posthac
799 2901 952 2962 neminem
976 2905 1142 2966 adsumere

215 3029 317 3088 posse,
337 3007 393 3068 nisi
407 3008 445 3068 ab
462 3005 592 3067 Ecclesia
606 3003 740 3082 recipiat,
759 3005 844 3082 cujus
869 2987 921 3066 eas
943 3025 1010 3067 esse
1027 3007 1142 3070 dicunt.

215 3113 252 3173 Et
270 3133 307 3174 ex
322 3114 381 3175 hoc
398 3115 476 3174 bene
493 3116 681 3190 sequeretur,
693 3111 909 3174 Auctoritatem
923 3132 1015 3174 unam
1029 3115 1069 3176 ab
1086 3113 1144 3176 alia

215 3221 399 3298 dependere,
417 3227 450 3281 ut
466 3219 523 3298 ipsi
538 3221 650 3281 volunt.

294 3322 402 3383 Positis
416 3319 504 3400 igitur
521 3329 550 3384 et
566 3323 670 3384 solutis
687 3322 884 3400 argumentis,
902 3341 968 3402 quoe
981 3324 1099 3386 radices
1113 3325 1144 3386 in

166 3441 195 3485 lo
216 3430 319 3490 divinis
341 3429 471 3507 Eloquiis
489 3431 601 3491 habere
627 3429 819 3504 videbantur3
843 3437 957 3490 restant
983 3450 1065 3510 nunc
1089 3431 1139 3492 illa

215 3535 353 3610 ponenda
371 3541 400 3594 et
418 3535 576 3606 solvende,
591 3555 656 3612 quae
669 3537 698 3595 in
716 3537 806 3614 gestis
819 3536 962 3598 Romanis
974 3541 1003 3597 et
1013 3535 1144 3600 Ratione

216 3638 349 3697 humana
363 3639 543 3700 radicantur.
563 3640 609 3700 Ex
627 3633 733 3718 quibus
751 3643 881 3721 primum
895 3649 953 3716 est,
970 3645 1052 3722 quod
1066 3663 1142 3723 prae·
