2560 4022
462 236 549 278 ninas
567 237 685 281 numus.
1007 223 1043 282 49

101 367 232 446 Vulgare
248 375 296 430 est
312 366 462 443 invenire,
480 371 559 446 quod
578 371 733 450 proprium
750 377 796 434 est
812 371 981 444 cremona,
1000 369 1042 430 sic

99 477 258 553 quoddam
275 481 322 536 est
338 474 488 550 invenire,
506 478 586 554 quod
602 477 758 556 proprium
775 483 821 540 est
836 477 1036 550 Lombardiae,
1058 492 1071 534 o
1142 471 1146 476 ’

99 593 126 646 et
146 585 230 646 sicut
251 589 301 645 est
326 583 461 644 invenire
486 584 618 661 aliquod,
638 587 718 664 quod
746 585 783 646 sit
804 585 893 646 totius
915 585 1040 646 sinistrae

97 687 187 747 ltaliae
201 685 377 766 proprium;
395 692 426 747 et
443 687 519 749 sicut
533 690 635 752 omnia
648 693 712 753 haec
728 699 774 754 est
790 693 935 767 invenire,
951 693 993 754 sio
1012 701 1040 755 et

97 795 169 856 illud
185 795 273 872 quod
291 792 382 855 totius
399 792 490 854 ltaliae
508 801 561 856 est.
577 796 614 856 Et
631 796 708 859 sicut
724 798 796 860 illud
818 798 1038 871 Cremonense,

98 918 133 960 ac
144 899 221 960 illud
238 900 464 974 Lombardum,
484 906 512 962 et
526 902 649 964 tertium
664 893 850 966 Semilatium
868 905 983 977 dicitur,
999 905 1040 966 sic

97 1007 193 1082 istud,
211 1008 298 1086 quod
314 1006 407 1068 totius
424 1007 514 1070 ltaliae
532 1016 593 1084 est,
610 1013 750 1074 Latmum
763 1013 890 1091 Vulgare
903 1016 1036 1072 vocatur.
1057 1022 1084 1066 10

99 1109 163 1170 Hoc
184 1109 268 1170 enim
290 1108 338 1170 usi
359 1116 430 1172 sunt
450 1113 594 1175 Doctores
611 1116 757 1193 illustres,
780 1120 829 1197 qui
849 1119 950 1197 lingua
971 1120 1037 1180 Vul-

99 1217 160 1292 gari
175 1215 294 1296 poetati
312 1215 427 1276 suntin
446 1217 544 1292 ltalia,
563 1227 596 1280 ut
612 1219 714 1294 Siculi,
736 1221 839 1300 Apuli,
858 1221 960 1296 Tusci,
977 1221 1035 1283 Ro·

97 1323 257 1398 modioli,
274 1321 438 1383 Lombardi
455 1327 484 1383 et
500 1321 657 1400 utriusque
673 1324 813 1384 Marcbiae
833 1324 895 1385 viri.
914 1324 951 1385 Et
969 1323 1039 1402 quia

97 1429 221 1492 intentio
246 1433 367 1502 nostra,
390 1433 424 1489 ut
446 1429 569 1506 polliciti
592 1449 697 1492 sumus
721 1431 752 1492 in
777 1431 920 1510 principio
946 1432 1036 1509 hujus

97 1535 216 1614 Operis,
238 1543 286 1597 est
312 1534 481 1596 doctrinam
504 1536 542 1596 de
562 1536 682 1614 Vulgari
704 1537 881 1615 Eloquentia
902 1539 1034 1598 tradere:
1056 1556 1084 1599 15

99 1639 139 1699 ab
155 1639 236 1716 ipso,
251 1643 400 1715 tanquam
417 1638 455 1697 ab
477 1639 725 1700 excellentissimo
746 1639 937 1719 incipientes,
960 1661 1036 1720 quos

100 1749 244 1824 putamus
257 1744 323 1824 ipso
337 1743 442 1822 dignos
460 1743 516 1818 uti,
535 1749 564 1804 et
581 1752 703 1823 propter
721 1745 804 1822 quid,
823 1751 852 1805 et
870 1749 1035 1822 quomodo,

102 1869 163 1911 nec
177 1869 238 1910 non
251 1851 311 1922 ubi,
327 1849 461 1927 quando,
479 1855 509 1908 et
523 1847 562 1907 ad
575 1866 651 1924 quos
667 1848 766 1926 ipsum
780 1848 966 1926 dirigendum
982 1851 1033 1924 sit,

102 1953 134 2012 in
159 1951 338 2014 immediatis
365 1950 448 2012 libris
473 1951 680 2013 tractabimus.
709 1954 822 2027 Quibus
849 1955 1036 2031 illuminatiS,

101 2061 240 2124 inferiora
257 2059 401 2137 Vulgaria
418 2059 587 2120 illuminare
609 2060 795 2136 curabimus,
818 2062 967 2141 gradatim
988 2051 1043 2125 de?
1057 2078 1085 2124 ro

104 2169 281 2230 scandentes
311 2169 350 2228 ad
378 2167 466 2240 illud,
490 2167 571 2245 quod
598 2166 686 2228 unius
713 2167 805 2230 solius
821 2168 952 2230 Familiae
972 2187 1038 2248 pro·

104 2275 198 2351 prium
215 2281 272 2337 est.

178 3641 267 3702 burra,
281 3641 352 3696 opere
366 3640 441 3684 latine.
