2578 4038
462 248 548 288 menn
566 247 699 290 ruamus
992 238 1045 293 283

108 396 161 448 aut
181 405 355 464 perversum
376 387 419 443 ira
446 385 510 461 quis
530 391 655 460 cupatur.
673 382 788 442 Deinde
808 381 902 442 innuit
919 401 1043 443 causam
1062 399 1094 444 co

109 513 207 571 quare
227 491 397 552 cavendum
417 489 454 549 sit
470 489 529 549 hoo
545 488 575 548 in
591 489 772 566 Scripturic,
790 488 905 548 dicens:
930 490 1042 549 struta-

108 601 151 659 bit
164 599 252 674 fides,
268 599 296 657 si
311 597 488 656 Divinarum
503 595 726 670 Scripturarum
740 594 853 652 oucillot
869 594 1033 652 auctoritas.

195 705 258 780 Ego
276 708 380 763 autem
397 703 476 774 dico,
498 702 577 778 quod
600 699 625 762 si
643 700 713 761 talia
733 700 770 758 de
786 696 954 774 ignorantia
975 717 1042 776 pro-

106 810 245 884 veniant,
266 809 455 888 correptione
479 807 634 884 diligenter
660 805 804 878 adhibita,
826 804 1044 880 ignoscendum

109 922 170 988 est,
193 913 270 974 sicut
290 909 510 990 ignoscendum
532 918 612 971 esset
631 910 686 983 illi,
707 910 758 988 qui
778 912 898 971 leonem
913 909 945 970 in
961 910 1044 970 nubi·
1064 925 1093 968 oo

108 1017 168 1076 bus
187 1015 372 1076 formidaret.
389 1015 419 1075 Si
435 1034 507 1075 vero
523 1014 682 1088 industria,
700 1035 763 1075 non
779 1015 865 1076 aliter
882 1016 925 1077 sic
944 1036 1043 1076 erran-

107 1117 191 1181 tibus
214 1125 261 1179 est
281 1121 444 1196 agendum,
467 1139 560 1196 quam
584 1139 654 1180 cum
678 1122 827 1198 tyrannis,
851 1123 901 1200 qui
925 1123 1042 1201 publica

105 1227 178 1306 Jura
193 1246 256 1286 non
273 1227 311 1285 ad
333 1231 525 1287 communem
545 1225 704 1287 utilitatem
725 1234 906 1305 sequuntur,
929 1231 982 1290 sed
1003 1231 1042 1290 ad

109 1333 267 1412 propriam
290 1339 466 1410 retorquere
494 1341 648 1394 conantur.
672 1335 697 1394 O
727 1355 881 1398 summum
910 1339 1040 1410 facinus,

109 1435 231 1496 etiamsi
247 1436 399 1512 contingat
415 1436 446 1496 in
463 1435 600 1510 somniis,
616 1440 718 1498 aeterni
735 1438 860 1515 Spiritus
881 1442 1044 1503 intentione
1061 1453 1093 1498 oo

109 1543 208 1604 abutil
231 1543 299 1603 Non
322 1543 402 1603 enim
426 1552 566 1621 peccatur
586 1545 617 1603 in
637 1545 769 1622 Moysen,
793 1565 855 1605 non
877 1547 908 1615 in
929 1551 1042 1625 David,

109 1669 174 1711 non
191 1650 223 1710 in
239 1651 308 1728 Job,
325 1650 435 1710 nonin
451 1653 708 1751 Motthoeum‚·nee
731 1652 761 1712 in
783 1656 921 1732 Paolum,
942 1656 1043 1716 sedin

109 1755 255 1833 Spiritum
270 1755 421 1834 Suadam,
439 1757 490 1832 qui
502 1755 633 1834 loquitur
646 1756 677 1816 in
690 1756 755 1817 illis.
772 1757 851 1818 Nam
869 1779 1043 1837 quanquam

109 1864 280 1942 Scriptores
298 1863 385 1924 divini
402 1863 512 1940 eloquii
524 1863 610 1923 multi
623 1863 694 1936 sint,
710 1864 816 1925 unicus
831 1871 933 1926 tamen
947 1866 1044 1926 Dicta·

109 1975 159 2028 tor
180 1973 227 2029 est
249 1969 343 2040 Deus,
366 1969 416 2046 qui
436 1968 658 2046 beneplacitum
679 1989 768 2030 suum
787 1969 874 2032 nobis
895 1991 949 2049 per
968 1973 1042 2032 mul·
1060 1989 1089 2034 cs

110 2078 215 2134 torum
232 2075 366 2134 calamos
384 2075 533 2152 explicare
550 2075 760 2153 dignatusest.

193 2179 249 2239 His
262 2179 364 2256 itaque
380 2181 566 2258 praenotatis,
584 2184 623 2242 ad
637 2181 666 2241 id
679 2185 759 2260 quod
773 2185 911 2262 superius
926 2187 1042 2248 diceba-

13 2327 16 2332 .
109 2293 174 2358 tur,
197 2285 262 2345 dico
282 2305 338 2364 per
358 2287 619 2364 interemptionem
639 2289 716 2350 illius
737 2292 820 2365 dieti,
843 2313 903 2370 quo
926 2295 1039 2369 dicunt,

108 2390 162 2452 illa
171 2392 231 2452 duo
241 2392 417 2452 Lurniuoria
430 2393 526 2472 typice
539 2395 703 2473 importare
717 2399 776 2458 duo
790 2399 853 2459 haec
868 2405 1040 2480 Remmium·

109 2493 141 2556 in
159 2515 219 2572 quo
238 2495 359 2572 quidem
377 2496 452 2557 dicto
469 2503 533 2558 tota
548 2499 591 2558 vis
610 2503 776 2576 argumenti
793 2505 937 2566 consistit.
955 2508 1040 2579 Quod
1063 2521 1093 2567 ro

110 2601 215 2658 eutem
230 2597 279 2658 ille
296 2618 404 2660 sensus
422 2601 543 2663 omnino
560 2605 701 2664 sustineri
722 2627 782 2668 non
803 2611 909 2685 possit,
933 2615 1041 2690 duplici

110 2704 159 2766 via
178 2710 280 2784 potest
297 2706 422 2767 ostendi.
440 2707 554 2780 Primo,
573 2707 642 2783 quia
660 2728 753 2784 quum
769 2709 941 2786 hujusmodi
956 2715 1041 2794 Regi-

111 2814 195 2874 miua
211 2815 270 2874 sint
286 2814 450 2875 accidentia
467 2815 606 2892 quaedam
618 2812 711 2890 ipsius
728 2812 871 2887 hominis,
890 2815 1039 2879 videretur

110 2921 193 2980 Deus
221 2939 295 2980 usus
317 2921 411 2981 fuisse
434 2919 537 2981 ordine
560 2938 717 2998 perverso,
744 2919 909 2982 accidentia
931 2923 1040 2984 scilicet

108 3027 193 3106 prius
220 3026 428 3104 producend0‚
453 3043 546 3101 quam
571 3021 725 3100 proprium
752 3023 934 3099 subjectum3
959 3026 1039 3100 quod
1061 3050 1088 3094 75

109 3133 279 3193 absurdum
297 3138 343 3191 est
360 3129 458 3191 dicere
473 3131 509 3189 de
530 3129 604 3189 Deo,
625 3127 704 3188 Nam
724 3129 774 3190 illa
793 3129 853 3189 duo
870 3131 1041 3194 Luminaria

109 3241 260 3320 producta
277 3243 347 3298 sunt
364 3237 411 3298 die
426 3242 548 3314 quarto,
566 3245 596 3298 et
613 3237 711 3297 Homo
730 3236 776 3296 die
793 3245 893 3312 sexto,
909 3247 942 3300 ut
958 3246 1040 3318 patet

109 3347 140 3407 iu
156 3345 269 3408 Litora.
287 3347 452 3417 Praeterea,
470 3362 540 3404 cum
553 3343 611 3404 ista
631 3341 787 3420 Regimina
809 3343 867 3404 sint
883 3345 1040 3406 hominum

109 3451 256 3512 directiva
276 3451 308 3510 in
329 3451 477 3528 quosdam
497 3449 586 3523 fines,
605 3455 638 3509 ut
657 3447 735 3510 infra
755 3451 880 3528 patebit,
899 3450 924 3511 si
941 3452 1040 3512 Homo

108 3563 246 3622 stetisset
262 3561 293 3621 in
311 3565 392 3620 statu
408 3559 598 3632 innocentiae,
615 3558 646 3618 in
664 3577 723 3635 quo
741 3579 759 3619 a
775 3559 837 3619 Deo
858 3559 956 3620 factus
978 3564 1038 3633 est,
1060 3577 1088 3622 so
1199 3579 1201 3582 ·
