2578 4038
249 254 303 311 300
594 269 632 309 un
649 269 829 311 uousncun.

253 407 352 463 terum
368 401 590 463 subalternetur
607 401 704 475 alteri,
722 403 791 480 quia
812 402 854 462 sic
874 401 1003 461 alterum
1025 400 1064 460 dc
1086 383 1199 460 altero*

252 509 476 589 praedicaretur,
495 509 574 586 quod
593 514 638 569 est
655 509 774 568 falsum.
791 507 858 569 Non
875 508 955 568 enim
968 506 1110 567 dicimus:
1127 507 1188 568 Im·

202 631 231 676 oo
246 623 368 694 perator
382 621 426 676 est
440 617 538 694 Papa,
551 634 607 675 nec
621 634 637 675 e
653 633 815 688 convers03
828 633 884 674 nec
900 617 998 692 potest
1014 613 1087 686 dici,
1102 615 1189 690 quod

254 723 476 786 communicent
492 723 522 783 in
539 721 650 801 specie:
668 741 762 798 quum
782 720 840 781 alia
860 719 898 780 sit
914 719 990 780 ratio
1004 719 1110 798 Papoe,
1128 718 1189 781 alia

253 832 455 911 Imperatoris,
476 831 507 891 in
528 836 675 908 quantum
694 827 874 905 hujusmodi.
894 827 972 904 Ergo
997 826 1189 887 reducuntur
1273 849 1274 892 t

255 941 293 1000 ad
307 937 417 1016 aliquid
429 938 460 997 in
475 957 534 1014 quo
547 937 661 996 habent
673 936 760 996 uniri.
774 937 902 1015 Propter
915 939 996 1015 quod
1013 937 1187 1010 sciendum,
1273 925 1274 930 ¹

255 1045 336 1121 quod
349 1045 425 1105 sicut
440 1044 578 1105 sehabet
593 1041 696 1105 relatio
714 1043 752 1102 ad
765 1041 954 1118 relationem,
969 1043 1012 1104 sic
1027 1043 1189 1104 relativum

205 1161 235 1206 oo
255 1151 293 1210 ad
309 1149 477 1238 relativum.
492 1149 524 1210 Si
537 1169 608 1227 ergo
620 1151 751 1228 Papatus
768 1156 799 1210 et
813 1149 1003 1228 Imperiatas,
1017 1169 1116 1228 quum
1130 1149 1189 1211 sint

255 1255 414 1316 relationes
430 1256 687 1334 superpositionis,
699 1257 830 1336 habeant
844 1254 946 1316 reduci
960 1256 999 1316 ad
1012 1265 1189 1334 respectum

256 1360 513 1438 superpositionis
532 1381 551 1421 a
571 1379 630 1438 quo
644 1369 784 1441 respectu
799 1382 893 1441 quum
912 1362 974 1423 suis
988 1363 1190 1424 differentiali-

255 1467 312 1528 bus
330 1468 529 1543 descendunt,
546 1470 631 1548 Papa
648 1478 679 1532 et
693 1471 870 1548 Imperator,
886 1490 956 1532 cum
972 1470 1033 1531 sint
1049 1471 1189 1544 relativa,
1276 1539 1277 1562 χ

256 1571 358 1632 reduci
377 1573 532 1635 habebunt
553 1575 592 1634 ad
612 1574 734 1652 aliquod
756 1575 869 1650 Unum,
885 1577 919 1638 in
940 1595 1000 1654 quo
1021 1576 1190 1656 reperiatur

207 1679 321 1758 etipse
348 1688 503 1759 respectus
525 1683 783 1761 superpositionis,
809 1685 924 1762 absque
944 1684 1189 1747 differentialibus

258 1787 332 1849 aliis.
353 1787 390 1848 Et
410 1789 468 1850 hoc
482 1789 536 1850 erit
549 1791 597 1850 vel
609 1790 674 1868 ipse
688 1791 781 1869 Deus,
793 1790 824 1851 in
838 1810 897 1868 quo
917 1796 1076 1870 respectus
1095 1789 1191 1852 omnis

257 1895 465 1958 universaliter
481 1897 597 1971 unitur;
610 1897 659 1956 vel
675 1896 775 1974 aliqua
789 1895 956 1958 substantia
973 1896 1037 1958 Deo
1051 1896 1187 1969 interior,

260 2003 290 2063 in
301 2023 362 2080 qua
371 2008 525 2080 respectus
540 2001 801 2080 superpositionis,
815 2022 868 2081 per
879 2001 1079 2064 differentiam
1089 2023 1189 2082 super·
1278 2001 1279 2006 ’

259 2107 427 2184 positionis,
443 2127 462 2168 a
475 2107 601 2186 simplici
614 2113 753 2186 respectu
770 2111 971 2186 descendens,
986 2111 1189 2188 particuletur.

212 2231 241 2277 πο
260 2215 297 2275 Et
314 2213 356 2274 sic
372 2219 467 2293 patet,
485 2215 565 2292 quod
582 2217 666 2293 Papa
686 2221 715 2276 et
731 2217 907 2294 Imperator,
925 2215 957 2276 in
974 2222 1125 2294 quantum
1139 2215 1189 2276 ho·

263 2319 374 2395 mineS,
388 2321 501 2381 habent
514 2320 616 2382 reduci
630 2322 669 2382 ad
683 2341 790 2382 unum:
806 2321 838 2382 in
854 2328 1001 2400 quantum
1017 2342 1090 2383 vero
1106 2324 1189 2401 Papa

260 2433 290 2487 et
309 2425 486 2504 Imperator,
506 2427 545 2486 ad
566 2425 660 2501 aliud;
682 2433 712 2488 et
736 2445 790 2505 per
810 2427 868 2488 hoc
888 2433 971 2506 patet
989 2427 1130 2490 introitus
1152 2430 1189 2490 ad

260 2538 428 2601 Rationem.

637 2682 734 2744 Cerur
753 2683 817 2744 llll.

336 2841 510 2884 Auctoritatem
520 2841 623 2885 Romani
634 2841 731 2894 Imperii
742 2839 881 2884 immediata
892 2840 964 2884 alteo
975 2840 1122 2894 dependere.

343 3048 451 3110 Positis
468 3055 497 3109 et
515 3047 643 3109 exclusis
662 3050 825 3123 erroribuS,
846 3046 954 3126 quibus
974 3045 1131 3139 potissime
1148 3045 1187 3107 in·

264 3156 415 3229 nituntur,
432 3156 483 3232 qui
499 3155 627 3217 Romani
644 3157 832 3232 Priacrpatus
847 3153 1065 3215 Auctoritatem
1082 3154 1187 3232 depen-

267 3261 337 3320 dere
361 3260 463 3321 dicunt
488 3282 507 3321 a
532 3261 668 3322 Romano
695 3261 842 3339 Pontifiaa,
866 3260 1055 3320 redeundum
1081 3265 1129 3319 est
1153 3259 1188 3320 ad

266 3370 487 3431 ostendendum
503 3368 659 3430 veritatem
671 3369 761 3446 hujus
775 3367 869 3428 tertiae
883 3365 1069 3444 quaestionis,
1088 3384 1155 3444 quae
1171 3385 1188 3424 a

231 3484 245 3527 o
264 3469 407 3548 principio
420 3471 604 3531 discutienda
618 3472 850 3548 proponebatur.
860 3471 932 3544 Quae
947 3468 1067 3548 quidem
1080 3471 1187 3531 veritas

267 3574 420 3650 apparebit
446 3574 640 3648 sufficienter,
665 3575 690 3635 si
711 3577 768 3636 suh
789 3575 912 3653 praefixo
934 3574 1076 3654 principio
1098 3575 1188 3654 inqui·
