2590 4038
223 177 277 233 utu
576 187 614 229 nu
632 189 811 233 uonnneun.

219 331 356 402 tempora
372 319 556 394 recolamus3
574 338 635 379 non
646 318 852 400 inveniemus»,
866 319 923 381 nisi
937 321 994 381 sub
1011 322 1079 382 divo
1095 319 1156 382 Au·

217 437 304 507 gusto
324 428 498 507 Monarchu,
519 425 666 488 existente
688 427 862 489 Munurelia
886 426 1036 506 perlecta,
1068 446 1160 498 munz

218 536 292 595 dum
306 533 438 612 undique
454 532 547 595 fuisse
568 533 711 612 quietum.
728 535 765 596 Et
786 536 867 612 quod
889 540 960 596 tune
982 534 1155 594 humanum

169 651 199 696 10
217 639 318 702 Genus
348 637 437 701 luerit
465 637 535 700 felix
565 637 595 700 in
617 637 699 718 pacis
727 639 902 701 universalis
925 639 1154 717 tranquillitate,

218 747 274 808 hoc
293 745 530 826 Historiugraphi
545 765 667 821 omnes,
688 747 746 808 hoc
767 749 867 808 Poetae
888 747 1033 822 illustres,
1050 746 1110 809 hoc
1126 754 1158 809 et

217 853 322 922 Scriba
337 852 576 915 mansuetudinis
590 853 699 914 Christi
710 853 815 916 testari
829 854 967 932 dignatus
979 859 1034 916 est.
1050 854 1089 918 Et
1106 855 1156 918 de·

215 956 306 1035 nique
320 956 432 1018 Paulus
439 999 447 1028 ,
456 956 664 1034 plenitudinem
677 962 811 1038 temporis
824 965 938 1022 statum
951 961 1035 1023 illum
1051 965 1155 1043 appel·

214 1063 286 1125 lavit
300 1062 515 1124 felicissimum.
532 1063 609 1125 Vere
629 1070 751 1145 tempus
773 1074 803 1128 et
823 1067 1003 1146 temporalia
1026 1087 1157 1146 quaeque

167 1173 193 1233 u'
216 1169 447 1250 plenaluerunt,
461 1167 657 1247 quianullum
668 1174 781 1230 nostrae
796 1170 943 1232 felicitatis
957 1170 1157 1232 Ministerium

216 1275 351 1337 ministro
367 1273 491 1335 vacavit.
506 1273 639 1347 Qualiter
659 1279 761 1334 eutem
783 1292 817 1334 se
837 1273 975 1335 hebuerit
991 1273 1093 1348 Orbis,
1116 1293 1156 1335 ex

216 1401 275 1461 quc
296 1381 410 1443 Tunica
429 1380 488 1442 ista
506 1377 707 1452 inconsutilis
728 1377 896 1457 cupiditatis
919 1397 1019 1456 ungue
1042 1378 1154 1441 scissu-

215 1509 282 1551 ram
297 1487 433 1568 primitus
450 1505 541 1566 passe
557 1492 618 1558 est,
634 1485 778 1562 ellegere
794 1503 970 1563 possumus,
985 1492 1016 1546 et
1030 1485 1149 1548 utinum

218 1617 279 1659 non
293 1596 402 1658 videre.
417 1595 443 1656 0
460 1594 560 1656 Genus
575 1593 756 1665 humanum,
771 1591 890 1669 quantis
904 1593 1043 1671 procellis
1058 1601 1152 1672 atque

167 1709 195 1754 20
213 1702 348 1782 jacturis
371 1700 552 1780 quantisque
572 1697 733 1777 naufragiis
755 1697 860 1776 agitari
880 1706 911 1761 te
939 1719 1066 1762 necesse
1092 1705 1154 1774 est,

215 1799 403 1874 dum'bellua
424 1810 588 1870 multorum
609 1805 740 1885 capitum
760 1805 888 1879 factum,
909 1801 941 1866 in
962 1805 1080 1866 diversa
1104 1824 1153 1867 co-

214 1917 307 1991 naris,
324 1916 477 1978 intellectu
493 1917 642 1992 aegrotans
659 1920 801 1990 utroque,
821 1912 955 1974 similiter
972 1918 1003 1973 et
1018 1912 1148 1974 affectu!

215 2005 391 2086 Rationib'us
409 2017 661 2096 irrefregebilibus
677 2018 866 2080 Intellectum
886 2018 1071 2099 superiorem
1086 2039 1151 2080 non

217 2147 321 2201 cures,
350 2147 406 2194 nec
427 2124 624 2204 Experientiae
651 2125 734 2186 vultu
755 2124 940 2199 inferiorem,
959 2125 1013 2188 sed
1027 2143 1085 2188 nec
1101 2124 1152 2186 Al·

169 2245 195 2289 eu
215 2230 327 2291 lectum
357 2226 514 2290 dulcedine
541 2226 647 2288 divinae
670 2227 833 2304 suesionis,
862 2250 932 2294 cum
962 2251 1017 2310 per
1045 2231 1151 2292 tubam

217 2335 319 2398 Sancti
334 2334 461 2414 Spiritus
478 2333 530 2395 libi
546 2333 683 2396 affletur:
700 2337 772 2397 Ecce
784 2358 871 2417 quum
887 2341 1009 2418 bonum,
1023 2347 1049 2400 u
1063 2359 1152 2419 quum

211 2425 388 2520 jucundum,
405 2441 538 2502 habitare
552 2441 663 2515 fratrer
679 2443 712 2502 in
728 2447 835 2504 unum!
