2560 4022
229 231 264 288 50
470 261 471 264 =
496 244 534 287 os
551 245 675 288 vunnim
693 247 884 297 nroouuurri.

444 723 616 800 LIBER
655 721 944 801 SECUNDUS.

622 1579 719 1642 Cornu
741 1583 761 1641 1.

315 1791 407 1844 Quibus
415 1791 554 1846 conveniat,
565 1794 680 1847 autnon,
690 1793 808 1847 utipolito
819 1795 842 1837 et
852 1796 937 1838 ornato
946 1793 1053 1848 vulgari.

230 2049 232 2054 ,
306 1981 505 2043 Pollicitantes
526 1981 635 2042 iterum
657 1980 849 2042 sedulitatem
868 1981 976 2061 ingenii
996 1981 1107 2056 nostri,
1129 1988 1158 2044 et

226 2091 265 2151 ad
286 2090 437 2150 calamum
456 2087 533 2165 frugi
549 2088 647 2166 operis
664 2088 839 2161 redeunteS,
857 2095 927 2150 ante
948 2086 1047 2149 omnia
1066 2090 1160 2150 confi·

225 2202 325 2256 tamur
349 2193 491 2254 Latinum
513 2193 640 2270 Vulgare
663 2194 782 2255 illustre
807 2199 871 2256 tam
892 2195 1040 2274 prosaice,
1063 2216 1158 2275 quam

224 2300 347 2361 metrice
371 2300 478 2360 decere
498 2297 633 2378 proferri.
654 2296 714 2358 Sed
736 2297 805 2375 quia
825 2298 926 2377 ipsum
946 2299 1156 2362 Prosaicantes

158 2445 161 2454 ι
189 2427 204 2470 s
224 2409 261 2470 ab
276 2405 482 2467 Inventoribus
497 2401 591 2480 magis
606 2401 766 2480 accipiunt3
779 2407 808 2462 et
822 2401 892 2479 quia
906 2403 986 2480 quod
999 2401 1156 2465 inventum

225 2520 271 2577 est
285 2510 522 2593 prosaicantibus
533 2511 691 2588 permanet
704 2505 826 2566 firmum
839 2506 1007 2583 exemplar,
1023 2512 1052 2566 et
1066 2525 1157 2568 none

226 2621 389 2695 contrario,
401 2615 538 2697 quamvis
549 2615 688 2694 quaedam
702 2611 838 2672 videntur
848 2611 983 2690 praebere
992 2609 1156 2688 primatum

222 2726 335 2802 versui;
354 2745 423 2804 ergo
441 2723 608 2786 secundum
625 2721 706 2799 quod
721 2717 879 2780 metricum
897 2722 955 2791 est,
973 2718 1072 2796 ipsum
1090 2737 1157 2779 car-

222 2835 384 2908 minemus,
402 2831 505 2894 ordine
521 2829 741 2909 pertractantes
756 2824 819 2898 illo,
838 2843 929 2902 quem
942 2823 973 2883 in
990 2823 1050 2885 fine
1066 2824 1155 2902 primi

173 2949 202 2993 ro
221 2936 300 2996 Libri
313 2935 434 3015 polliciti
446 2954 560 2996 sumus
572 2933 750 3006 Quaeramus
760 2929 848 3008 igitur
857 2929 953 3008 prius,
969 2933 1071 2990 utrum
1084 2931 1154 2992 Ver·

220 3042 369 3104 sificantes
377 3041 538 3120 vulgariter
553 3039 682 3099 debeant
694 3035 766 3097 illud
776 3035 820 3096 uti
825 3059 833 3112 ;
849 3041 878 3097 et
892 3037 1049 3115 superficie
1063 3043 1153 3101 lenus

223 3147 349 3220 videtur,
379 3147 459 3224 quod
480 3146 536 3222 sic;
563 3144 632 3223 quia
657 3142 754 3205 omnis
781 3142 832 3221 qui
854 3143 1056 3219 versificatur,
1081 3163 1152 3207 suos

220 3272 325 3316 versus
347 3270 493 3313 exornare
515 3250 654 3313 debet-in
671 3254 817 3327 quantum
833 3253 942 3327 potest.
960 3250 1061 3324 Quare
1082 3265 1152 3308 cum

220 3357 337 3436 nullum
363 3355 400 3417 sit
427 3359 490 3417 tam
517 3355 638 3434 grandis
670 3354 886 3430 exornationis,
909 3377 1002 3436 quam
1023 3358 1154 3435 Vulgare

175 3483 202 3528 ru
222 3463 339 3524 illustre
342 3507 353 3540 ,
366 3459 494 3535 videtur,
508 3462 589 3539 quod
600 3459 725 3538 quisque
733 3459 918 3524 versificator
934 3464 1043 3525 debeat
1051 3463 1153 3542 ipsum

221 3566 272 3627 uti.
289 3567 440 3628 Praeterea
457 3567 537 3644 quod
555 3570 701 3646 optimum
718 3571 764 3628 est
780 3565 811 3628 in
827 3587 937 3647 genere
954 3588 1023 3643 suo,
1042 3567 1068 3631 si
1088 3569 1152 3632 suis
