2556 4032
240 210 275 264 76
509 219 546 260 m:
564 217 687 258 roceam
706 215 896 264 rroousnru.

242 356 330 418 Aliud
352 358 398 414 est
417 353 544 429 Stantia,
560 351 643 428 cujus
664 347 765 408 omnia
787 349 916 407 cannina
937 346 1066 407 eundem
1085 347 1174 405 ritat-

241 483 320 524 mum
336 462 479 536 reddunt,
495 458 526 519 in
542 477 602 536 qua
619 457 803 534 superfluum
828 473 895 516 esse
916 460 1033 515 constat
1053 452 1173 513 habitu-

242 569 342 630 dinem
359 585 500 644 quaerere.

193 683 219 727 n
320 671 369 733 Sic
394 671 519 748 proinde
544 674 637 728 restat
662 665 739 728 circa
763 668 894 726 ritirimos
917 665 1025 727 mixtos
1049 670 1170 727 tantum

242 781 352 842 debere
367 779 476 846 insisti3
491 783 520 838 et
536 777 630 855 primo
648 775 803 836 sciendum
820 782 876 848 est,
892 775 972 851 quod
989 773 1019 833 in
1035 774 1092 834 hoc
1106 793 1169 834 arn·

242 886 408 967 piissimam
429 883 485 946 sibi
504 884 653 944 licentiam
673 884 736 944 fere
759 901 864 943 omnes
885 888 1059 954 assumunt,
1078 884 1109 940 et
1131 900 1168 940 ex

240 995 296 1056 hoc
320 993 450 1054 maxime
473 989 563 1051 totius
584 989 725 1049 armoniae
747 990 872 1049 dulcedo
895 987 1065 1048 intenditur.
1090 985 1168 1047 Sunt

243 1095 353 1159 etenim
376 1094 513 1171 quidam,
535 1093 593 1170 qui‘
607 1114 669 1154 non
694 1114 799 1156 omnes
825 1096 1012 1172 quandoque*
1031 1095 1168 1156 desinen·

190 1218 218 1261 ‘20
244 1203 300 1265 tias
322 1203 483 1262 carminum
502 1199 692 1260 rithimantur
713 1200 743 1259 in
760 1201 866 1261 eadem
885 1202 1014 1279 Stantia,
1030 1203 1084 1262 sed
1105 1221 1170 1264 eas·

244 1312 314 1370 dem
334 1315 484 1387 repetunt,
495 1307 557 1368 sive
570 1307 759 1368 rithimantur
771 1308 801 1368 in
816 1309 889 1381 aliis,
905 1308 982 1369 sicut
993 1308 1048 1368 fuit
1061 1309 1168 1370 Gottus

245 1417 440 1488 Mantuanus,
459 1414 509 1492 qui
527 1428 597 1476 suas
619 1416 729 1476 multas
754 1423 783 1476 et
804 1417 899 1476 bonas
917 1416 1065 1476 Cantiones
1081 1417 1169 1477 nohis

243 1529 397 1584 oretenus
412 1521 564 1582 intonavit.
574 1520 629 1581 Hic
643 1540 761 1598 semper
777 1521 807 1580 in
816 1523 929 1581 Stantia
942 1540 1036 1581 unum
1053 1541 1169 1582 carmen

245 1627 453 1688 incomitatum
468 1625 601 1698 texebat,
619 1625 699 1701 quod
716 1623 824 1684 ctorem
839 1625 974 1684 vocabat.
989 1626 1026 1684 Et
1042 1624 1118 1685 sieut
1131 1626 1169 1685 de

188 1753 214 1797 ‘n
247 1755 308 1796 uno
327 1735 408 1808 licet,
430 1735 497 1794 licet
518 1731 607 1792 etiam
624 1732 662 1791 de
683 1731 801 1790 duobus
824 1735 853 1790 et
875 1730 950 1791 torte
969 1731 1006 1790 de
1023 1731 1169 1808 pluribus.

243 1840 372 1914 Quidam
388 1839 436 1900 alii
454 1843 536 1912 sunt,
553 1843 583 1898 et
599 1839 662 1899 iere
679 1858 785 1900 omnes
800 1840 970 1900 Contionum
984 1840 1170 1912 inventores,

243 1944 293 2022 qui
313 1946 429 2005 nullum
449 1945 480 2004 in
496 1945 609 2004 §tantia
630 1965 743 2005 carmen
762 1945 967 2006 incomitatum
982 1944 1167 2022 relinquunt,

243 2051 313 2129 quin
331 2051 386 2111 sibi
401 2050 512 2109 rithimi
528 2051 768 2129 concrepantiam
784 2052 923 2125 reddant,
941 2052 988 2112 vel
1003 2051 1104 2124 unius,
1122 2054 1168 2112 vel

240 2159 378 2238 plurium.
390 2157 427 2216 Et
441 2156 562 2232 quidam
575 2156 707 2215 diversos
720 2157 852 2216 rithimas
863 2157 976 2218 iaciunt
985 2177 1052 2218 esse
1065 2161 1167 2218 carnai-

187 2288 215 2334 ao
238 2285 322 2343 num,
333 2284 398 2342 quae
409 2269 478 2341 post
490 2263 627 2324 dicresim
639 2271 720 2336 sunt,
730 2283 748 2323 a
757 2265 882 2324 rithimts
892 2283 1005 2336 eorum,
1018 2283 1084 2341 quar
1096 2274 1165 2324 sunt

240 2377 325 2447 ante3
338 2371 459 2448 quidam
470 2389 540 2430 vero
550 2388 611 2430 non
622 2371 673 2444 sic,
684 2371 738 2431 sed
748 2371 930 2431 desinentias
937 2369 1031 2449 partis
1041 2370 1167 2431 anterio·

232 2481 274 2543 ris
290 2481 411 2540 Stantia
419 2477 495 2538 inter
508 2482 629 2555 postera
637 2478 767 2536 carmina
779 2477 942 2537 relerentes
952 2475 1096 2536 inserunt.
1106 2477 1164 2536 Sae-
1179 2488 1182 2492 ’

238 2586 360 2665 pissime
374 2588 475 2644 tamen
488 2583 544 2644 hoc
558 2583 591 2642 fit
603 2590 636 2642 ut
650 2583 815 2643 desinentia
829 2583 924 2644 ultimi
938 2584 1099 2657 (carminib)
1115 2603 1165 2642 an-

239 2691 354 2753 terioris
367 2693 475 2769 (partia
484 2691 615 2764 hiantia)
627 2691 835 2769 quamplurimi
844 2689 1033 2750 rithimantur
1044 2688 1082 2762 ei,
1097 2707 1164 2766 quae

184 2814 211 2858 aa
235 2803 281 2860 est
309 2797 396 2876 primi
425 2795 611 2875 posterioris:
640 2797 719 2872 quod
750 2816 811 2856 non
835 2795 914 2855 aliud
939 2815 1007 2857 esse
1031 2795 1161 2868 videtur,

237 2923 327 2982 quam
350 2905 485 2980 quaedam
508 2902 600 2981 ipsius
615 2904 736 2961 Stantia
751 2903 955 2963 concatenatio
974 2902 1107 2981 pulchra.

312 2981 357 3066 be
374 3008 565 3066 rithimarum
588 3024 706 3082 quoque
730 3005 914 3080 habitudine,
935 3013 1023 3086 prout
1040 3013 1110 3068 sunt
1130 3009 1160 3068 in

232 3115 357 3191 Fronte,
372 3114 420 3173 vel
439 3114 469 3172 in
487 3113 603 3190 Gauda,
620 3113 734 3173 videtur
751 3115 847 3174 omnis
868 3121 938 3192 apta
958 3115 1077 3178 licentia
1093 3137 1162 3177 con-

233 3219 381 3281 cedenda:
398 3219 596 3295 pulcherrime
609 3225 710 3279 tamen
729 3239 762 3280 se
779 3221 890 3280 habent
906 3223 1077 3282 ultimorum
1097 3243 1160 3283 aar·

184 3349 213 3392 aa
235 3329 345 3414 minum
365 3326 549 3402 desinentia,
568 3327 593 3388 si
610 3349 678 3388 cum
694 3329 812 3389 rithimo
829 3329 860 3389 in
877 3330 1025 3392 silentium
1042 3334 1159 3395 cadent.

231 3434 265 3493 ln
286 3433 411 3493 Pedibus
434 3451 504 3493 vero
529 3437 694 3495 cavendum
715 3441 779 3496 est:
797 3441 826 3497 et
849 3437 1052 3498 habitudinem
1068 3459 1161 3515 quan·

235 3544 305 3603 dam
322 3547 472 3604 servatam
491 3562 558 3604 esse
579 3542 753 3603 invenimus
772 3545 808 3604 Et
825 3544 1032 3606 discretionem
1050 3544 1159 3606 tacien-
