2590 4038
228 134 282 190 222
579 149 617 191 ns
634 149 814 192 nonuncnn.

230 281 380 354 ver-sales,
395 283 447 340 aut
461 277 592 357 specics,
608 281 662 341 sed
676 288 706 342 et
719 301 773 359 per
788 281 940 358 quandam
953 281 1167 345 extensionem

233 387 273 447 ad
292 384 496 465 particulare's.
512 385 599 446 Unde
620 386 697 446 solet
714 385 787 459 dici,
808 388 889 464 quod
907 387 1076 450 intellectus
1098 410 1168 470 spe·

234 493 379 554 culativus
394 492 567 553 extensione
584 491 616 551 fit
632 493 793 570 practicus:
815 494 901 570 cujus
922 494 989 554 finis
1011 501 1057 555 est
1073 515 1166 573 agere

186 604 324 676 edatque
345 599 453 659 facere.
475 599 561 672 Quod
582 597 648 658 dico
668 603 791 676 propter
807 599 945 677 capitilio,
962 617 1028 676 quae
1044 600 1168 677 politica

236 703 394 784 prudentia
413 704 602 781 regulantur,
623 709 653 764 et
672 712 795 784 propter
812 707 971 785 sedibilis,
988 727 1055 784 quae
1080 728 1167 788 regu-

235 811 336 872 lantur
356 815 434 885 arte;
459 829 526 888 quae
552 811 653 871 omnia
674 809 875 889 Speculationi
899 812 1077 873 ancillantur
1101 819 1169 874 tan·

238 936 331 994 quam
343 917 475 994 Optimo,
491 918 529 977 ad
544 918 624 995 quod
637 917 805 977 humanum
818 918 919 978 Genus
928 919 1026 996 prima
1041 920 1168 980 Bonitas

238 1027 352 1087 inesse
368 1025 516 1104 produxit.
537 1026 658 1103 Exque
673 1028 737 1105 jam
751 1027 911 1088 innotescit
928 1027 1001 1089 illud
1020 1030 1170 1106 Politicoe,

190 1144 218 1189 ot
241 1155 255 1187 ‹
267 1133 419 1194 intellectu
431 1133 543 1194 scilicet
556 1132 689 1220 vigentes
700 1133 765 1194 aliis
778 1134 954 1196 naturaliter
966 1135 1140 1216 principari.
1153 1158 1168 1190 >

628 1402 726 1463 Cruor
747 1401 780 1460 V.

391 1587 473 1631 Genus
483 1585 618 1630 humanum
626 1589 655 1628 ut
665 1585 772 1629 adhunc
782 1585 867 1628 Finem
880 1583 1020 1639 perveniat,

539 1665 647 1717 indigere
655 1665 718 1708 Paeo
728 1663 868 1708 universali.

325 1882 404 1944 Satis
425 1880 514 1960 igitur
534 1881 720 1943 declaratum
741 1885 798 1954 est,
822 1880 902 1958 quod
922 1881 1079 1959 proprium
1100 1897 1178 1957 opus

245 1993 370 2054 humani
394 1993 517 2054 Generis
538 1993 667 2054 totaliter
688 1993 814 2070 accepti,
839 1999 886 2053 est
910 1997 1033 2053 actuare
1057 2008 1180 2068 semper

246 2104 342 2160 totam
356 2098 521 2175 potentiam
534 2097 706 2157 Intellectus
717 2096 879 2174 possibilis,
893 2115 946 2176 per
960 2096 1043 2176 prius
1059 2095 1098 2156 ad
1113 2113 1181 2173 spe·

248 2204 424 2275 curandum,
447 2207 477 2262 et
497 2201 673 2263 secundario
693 2207 816 2282 propter
835 2203 894 2263 hoc
920 2203 960 2262 ad
991 2201 1181 2280 operandum

213 2325 228 2370 t
248 2329 301 2389 per
318 2327 407 2371 suam
423 2309 639 2370 extensionem.
656 2309 694 2370 Et
711 2308 793 2385 quia,
812 2307 1070 2386 quemadmodum
1085 2311 1132 2368 cst
1149 2306 1182 2366 in

250 2420 347 2494 parte,
366 2414 409 2476 sic
426 2421 473 2476 est
491 2415 524 2476 in
546 2419 624 2477 toto:
640 2421 671 2477 et
690 2414 720 2476 in
737 2414 858 2476 homine
875 2411 1045 2493 particulari
1066 2411 1181 2474 contin-

251 2518 306 2596 git,
323 2519 404 2596 quod
422 2521 554 2582 sedendo
572 2525 602 2582 et
619 2521 800 2598 quiescendo
817 2520 975 2599 prudentia
991 2526 1021 2581 et
1036 2519 1184 2598 sapientia

252 2625 316 2704 ipse
334 2624 500 2702 perficitur3
518 2630 614 2704 patet,
632 2627 713 2703 quod
730 2627 830 2687 Genus
847 2627 1015 2686 humanum
1035 2625 1066 2685 in
1083 2624 1185 2703 quiete

254 2730 316 2792 sive
332 2731 546 2810 tranquillitate
562 2733 645 2811 pacis
663 2734 701 2794 ad
718 2733 871 2812 proprium
886 2753 977 2794 suum
993 2751 1082 2810 opus,
1103 2731 1187 2809 quod

206 2846 237 2891 4⁰
256 2839 319 2900 fere
332 2839 465 2900 divinum
479 2847 527 2900 est
541 2839 637 2917 (juxta
651 2839 736 2899 illud:
750 2839 889 2898 Mnuisti
900 2857 965 2897 eum
974 2838 1067 2914 poulo
1086 2837 1188 2895 minue

256 2945 429 3026 abrincatis)
444 2945 595 3007 liberrime
606 2951 696 3023 atque
710 2945 849 3006 facillime
863 2964 895 3006 se
911 2944 1010 3005 habet.
1022 2943 1110 3004 Unde
1124 2961 1188 3003 ma·

257 3055 402 3117 nifestum
419 3060 477 3130 est,
494 3055 575 3133 quod
588 3055 651 3115 Pax
667 3053 844 3116 universalis
860 3059 906 3114 est
920 3052 1066 3131 optimum
1081 3070 1189 3113 eorum

261 3184 328 3242 quae
350 3167 389 3225 ad
411 3169 549 3225 nostram
574 3161 789 3224 beatitudinem
809 3159 994 3224 ordinantur.
1021 3159 1099 3220 Hine
1124 3162 1188 3230 est,

261 3273 342 3351 quod
362 3273 533 3351 pastoribus
555 3272 592 3332 de
613 3270 742 3332 Sursum
762 3268 874 3341 sonuit,
896 3288 958 3329 non
982 3263 1105 3338 divitie,
1128 3284 1191 3325 non

210 3391 236 3436 15
260 3377 439 3455 voluptates,
458 3396 519 3438 non
537 3377 680 3448 honores,
698 3393 755 3435 nec
770 3371 924 3452 longitudo
938 3371 1018 3444 ritae,
1034 3387 1096 3429 non
1114 3366 1194 3427 sani·

260 3485 318 3553 tas,
334 3497 396 3540 non
412 3480 518 3554 robur,
535 3499 596 3542 non
613 3477 818 3560 pulchritudo,
836 3479 890 3540 sed
907 3477 979 3539 Pax.
997 3475 1095 3555 lnquit
1113 3475 1194 3537 enim
