2578 4038
210 185 267 243 308
562 195 600 240 ne
617 192 796 240 uersurum.

212 327 288 388 lium
301 323 398 410 libere
409 343 478 386 cum
487 343 562 410 pace
571 323 694 388 vivatur.
705 325 865 402 Quumque
875 321 1029 402 dispositio
1042 323 1154 387 Mundi

213 433 304 511 hujus
327 430 553 510 dispositionem
568 430 772 493 *inhaerentem
792 428 945 491 Coelorum
964 429 1152 492 circulationi

213 550 373 623 sequatur,
391 563 517 608 necesse
535 549 581 606 est
597 545 636 605 ad
652 543 723 616 hec,
745 547 778 604 ut
798 541 1079 616 utiliadocumcnta
1098 539 1149 604 Li·

164 649 195 696 ⁷⁰
214 632 345 712 bertatis
360 653 389 711 et
410 648 497 711 Pacis
519 650 678 713 commode
693 647 768 712 locis
789 651 820 710 et
838 647 1026 727 temporibus
1047 648 1148 727 appli-

213 743 333 832 centur,
354 757 412 818 ista
434 736 601 834 dispensari
622 754 731 818 abillo
752 753 917 830 Curatore,
943 755 994 834 qui
1020 755 1150 817 totalem

214 865 366 928 Coelorum
384 861 609 941 dispositionem
624 858 853 939 praesentialiter
868 858 1009 920 intuetur.
1019 856 1082 920 liic
1095 875 1150 919 au·

213 981 278 1035 tem
292 977 339 1034 est
355 971 438 1032 solus
453 969 517 1042 llle,
537 967 588 1045 qui
600 965 679 1028 hanc
692 961 915 1043 preordinavit,
932 965 965 1024 ut
979 979 1033 1038 per
1046 960 1149 1038 ipsam

213 1075 386 1154 providens,
409 1071 471 1134 suis
499 1068 653 1134 ordinibus
682 1085 809 1148 quaeque
833 1073 1037 1132 connecteret.
1058 1069 1149 1144 Quod

165 1184 194 1230 ⁷5
213 1180 362 1252 siitaest,
381 1179 462 1240 solus
482 1175 562 1254 eligit
579 1177 674 1250 Deus,
693 1173 1033 1258 soltuipseconfirmat,
1052 1193 1150 1252 quum

213 1284 399 1364 superiorem
415 1301 477 1344 non
494 1282 614 1346 habeat.

177 1388 196 1420 '
291 1388 337 1450 Ex
358 1407 417 1467 que
441 1387 547 1452 baberi
567 1389 670 1465 petest
689 1384 826 1471 ulterius,
848 1385 929 1462 qued
950 1403 1006 1446 nec
1024 1383 1076 1446 isti
1097 1385 1150 1462 qui

212 1511 306 1567 nunc,
328 1513 388 1558 nec
402 1493 450 1557 alii
468 1495 686 1574 cujuscumque
706 1492 788 1554 modi
807 1491 877 1554 dicti
896 1498 969 1554 sunt
987 1492 1149 1568 Elmercs,

211 1597 254 1660 sic
269 1599 388 1660 dicendi
404 1605 487 1676 sunt;
505 1598 577 1676 quin
594 1597 694 1677 potius
710 1599 936 1658 Dcncnccr'eteres
949 1579 1057 1658 diviuae
1075 1598 1152 1658 Pre-

162 1721 192 1768 se
212 1703 348 1767 videntiae
369 1711 440 1767 sunt
462 1705 601 1770 habendi
623 1706 711 1768 Unde
731 1706 780 1780 lit,
805 1707 886 1784 quod
908 1706 1070 1784 aliquande
1095 1725 1150 1784 pa·

210 1807 322 1873 tiantur
338 1807 512 1886 dissidium,
534 1811 646 1890 quibus
667 1809 866 1874 denunciandi
887 1809 1015 1890 dignitas
1036 1816 1084 1876 est
1104 1811 1151 1874 in·

210 1915 308 1977 dulta:
326 1917 375 1978 vel
389 1917 459 1994 quia
474 1936 592 1992 omnes,
611 1919 659 1980 vel
676 1918 746 1997 quia
760 1917 883 1996 quidam
897 1937 1016 1993 eorum,
1034 1919 1152 1980 nebula

209 2014 378 2094 cupiditatis
409 2017 609 2091 obtenebrati,
638 2017 744 2082 divinae
767 2018 1006 2100 Dispensatiouis
1035 2018 1147 2082 faeiem

209 2140 272 2183 non
289 2120 470 2182 discernunt.
490 2121 539 2184 Sic
556 2141 629 2200 ergo
645 2127 743 2202 patet,
761 2123 843 2203 quod
856 2121 1027 2186 Auctoritas
1043 2129 1149 2200 ternpo-

160 2240 188 2285 st
208 2229 282 2286 ralis
301 2227 485 2305 Menarchus,
507 2225 572 2290 sine
593 2229 654 2290 ullo
675 2228 789 2304 medie,
815 2229 847 2290 in
869 2227 970 2308 ipsum
990 2230 1028 2291 de
1048 2229 1151 2292 Fonte

210 2331 386 2395 universalis
406 2332 602 2396 Auctoritatis
616 2335 782 2398 descendit.
800 2335 857 2410 Qui
873 2334 997 2413 quidem
1011 2335 1094 2396 Fons
1113 2335 1146 2396 in

209 2459 280 2501 arce
297 2459 359 2502 suae
377 2439 573 2519 simplicitatis
593 2441 708 2516 unitus,
730 2441 762 2502 in
783 2437 960 2516 multiplices
980 2439 1083 2500 alveos
1102 2437 1149 2500 in·

211 2548 276 2610 lluit
291 2567 330 2610 ex
347 2549 531 2610 abundantia
549 2548 697 2610 Bonitatis
714 2548 827 2610 divinae.

291 2657 329 2718 Et
351 2658 415 2736 jam
436 2655 509 2719 satis
531 2655 633 2718 videor
653 2660 768 2718 metam
787 2651 928 2731 adtigisse
947 2653 1146 2732 propositam.

165 2770 193 2816 ee
211 2761 376 2824 Enucleata
405 2783 539 2841 namque
567 2763 682 2826 Veritas
703 2767 751 2824 est
771 2759 945 2840 quaestionis
963 2760 1056 2836 illius,
1083 2781 1147 2840 qua

213 2870 419 2946 quaerebatur,
442 2875 545 2933 utrum
565 2871 604 2932 ad
625 2871 704 2932 bene
725 2889 793 2934 csse
813 2868 915 2932 Mundi
936 2869 1145 2932 necessarium

213 2979 296 3036 esset
314 2975 496 3037 Menercbira
517 2975 660 3050 officium3
684 2995 720 3037 ac
739 2974 832 3050 illius,
853 2991 914 3051 qua
934 2973 1143 3051 querebatur,

213 3099 253 3140 an
268 3082 417 3142 Rornnnm
433 3083 562 3160 Pepnlne
577 3082 614 3144 de
628 3082 702 3144 Jnre
717 3082 876 3160 Imperium
895 3078 952 3144 sibi
972 3078 1144 3154 adsciverit;

213 3206 271 3248 nee
286 3206 348 3248 non
363 3187 441 3250 illius
461 3187 589 3263 ultimae,
611 3208 671 3266 que
692 3188 893 3266 quaerebatur,
915 3205 956 3250 an
975 3185 1147 3248 Monarcnae
1209 3267 1215 3275 .

168 3303 196 3349 ec
216 3288 378 3352 auctoritas
398 3311 417 3352 a
437 3291 513 3366 Deo,
544 3291 592 3352 vel
612 3292 651 3352 ab
677 3290 735 3353 alie
757 3291 941 3370 dependeret
959 3289 1143 3352 immediate.

213 3393 286 3466 Quae
303 3395 425 3471 quidem
441 3396 559 3459 Veritas
575 3396 687 3459 ultimae
704 3397 876 3476 quaestionis
897 3415 960 3458 non
980 3396 1022 3458 sic
1042 3396 1145 3458 stricte

210 3493 384 3570 recipienda
403 3502 449 3560 est
457 3542 466 3572 ,
483 3503 516 3560 ut
531 3502 680 3564 Rornenne
699 3503 840 3581 Princeps
853 3503 885 3566 in
899 3503 1000 3581 aliquo
1012 3505 1148 3568 Rectene
