2560 4022
244 173 280 230 58
515 186 552 227 nr
569 185 695 227 voretur
714 181 904 232 succurreris.

242 315 382 378 virtutem
397 316 428 376 in
445 334 563 376 coenum
581 313 728 393 cespitare
745 327 871 372 necessa
886 309 932 370 sit.
943 309 1008 369 Hoc
1023 315 1082 382 est,
1094 311 1177 386 quod

199 439 226 484 ‘eo
245 421 388 498 magister
407 425 510 482 noster
535 419 676 480 Horatius
703 416 848 496 praecipit,
875 434 945 476 cum
974 414 1005 474 in
1030 414 1179 492 principio

245 527 382 601 Poeticae,
397 527 529 587 «Sumite
542 527 694 588 materiam
710 526 812 586 reatris
818 569 828 602 ,
842 525 893 602 qui
904 523 1045 600 scribitis,
1061 543 1176 602 oeqmam

251 635 384 707 Writers,
403 655 418 687 >
435 631 514 693 dicit.

326 737 440 797 Deinde
455 736 486 796 in
501 735 549 810 iis,
565 755 631 813 quoe
648 735 772 796 dicenda
788 737 962 806 occurrunt,
974 732 1119 793 debemus
1134 733 1178 793 di·

245 846 392 907 scretione
413 843 514 923 potiri,
537 849 639 904 utrum
664 844 790 920 tropice,
812 840 874 901 sive
899 841 1012 914 eomiee,
1040 839 1101 900 sive
1125 842 1175 900 ete-

200 958 228 1004 30
245 952 324 1027 piore
340 946 399 1010 sint
414 947 559 1008 canenda.
577 947 634 1008 Per
658 948 838 1024 llapoeoliom
845 989 856 1023 ,
871 945 1055 1022 Superiorem
1072 945 1175 1008 stilum

243 1053 453 1132 intelligimus3
474 1073 527 1131 per
551 1053 738 1130 Oomoedmm,
759 1038 930 1114 Mediocrcm
938 1075 952 1130 ;
971 1072 1026 1130 per
1044 1055 1174 1132 Elepa'em

245 1160 346 1222 stilum
371 1159 560 1237 intelligimus
580 1160 763 1235 Inferiorem.
786 1159 818 1232 Si
844 1161 950 1238 tropice
979 1161 1115 1221 canenda
1135 1161 1177 1222 vi-

245 1269 365 1343 dentur,
381 1273 452 1328 tunc
468 1269 690 1329 adsumendum
697 1259 752 1329 est
775 1269 899 1346 Vulpem
916 1268 1049 1345 Illmstre,
1070 1275 1099 1328 et
1120 1287 1175 1346 per

244 1393 431 1451 consequens
446 1375 610 1434 Certiorem
625 1374 726 1452 ligare.
736 1371 768 1433 Si
781 1393 852 1434 vero
866 1375 980 1451 eomiee,
991 1381 1063 1434 tunc
1081 1393 1175 1451 quan·

197 1495 223 1540 35
244 1482 343 1558 doque
358 1483 482 1559 illustre,
502 1481 682 1558 quandoque
702 1481 808 1541 humile
830 1483 955 1560 Vulpem
972 1487 1124 1556 sumatur;
1145 1488 1175 1542 et

245 1585 309 1664 ejus
325 1586 533 1648 discretionem
545 1585 577 1650 in
591 1586 628 1647 lv
638 1587 727 1666 hujus
738 1588 864 1666 (Operis)
874 1607 1065 1650 reservamus
1077 1595 1178 1650 osten·

244 1693 324 1753 dere.
337 1691 368 1753 Si
384 1697 487 1754 autem
503 1695 636 1772 elepiaee,
661 1695 760 1756 solum
783 1696 889 1755 humile
909 1714 964 1755 nos
988 1699 1106 1773 oportet
1128 1714 1174 1756 su·

157 1855 160 1860 .
243 1818 336 1861 mere.
348 1799 408 1862 Sed
422 1801 596 1862 omittamus
610 1800 699 1875 alim,
718 1806 747 1862 et
761 1821 855 1875 nunc,
869 1810 902 1864 ut
917 1803 1097 1864 conveniens
1113 1809 1175 1876 est,

244 1903 281 1966 de
296 1905 368 1966 Stilo
384 1909 507 1984 tropico,
523 1913 750 1986 pertractemus

195 2031 223 2077 40
324 2013 397 2076 Stilo
418 2014 557 2091 equidem
580 2013 692 2090 tragico
721 2019 792 2074 tune
816 2014 860 2074 uti
884 2012 1030 2079 videmur,
1050 2013 1173 2089 quando

243 2141 313 2184 cum
327 2123 466 2199 pravitate
481 2123 642 2199 sententie,
658 2128 722 2180 tam
737 2122 872 2198 euperem
888 2123 1048 2180 carminum
1051 2164 1062 2197 ,
1079 2138 1172 2196 quam

242 2229 458 2290 constructionis
479 2229 581 2306 eletio,
603 2233 632 2288 et
652 2229 815 2288 excellentia
839 2227 1173 2288 vocobulcrum'conoor·

243 2335 303 2396 dat.
320 2334 381 2396 Sed
397 2333 482 2411 quia,
501 2335 526 2395 si
542 2335 620 2395 bene
636 2333 811 2408 recolimus,
827 2354 947 2396 summa
963 2332 1090 2394 summis
1105 2351 1176 2396 esse

244 2441 333 2518 digna
348 2441 412 2518 jam
427 2439 482 2500 luit
498 2440 671 2518 probatum,
687 2444 717 2501 et
729 2438 799 2513 iste,
811 2459 902 2518 quem
917 2441 1058 2518 tropicum
1074 2441 1172 2518 appel-

195 2562 223 2607 lt
241 2546 352 2619 lamus,
368 2563 505 2605 summus
521 2543 719 2606 videturesse
737 2546 885 2620 stilorum,
902 2545 953 2606 illa
970 2565 1036 2624 quae
1052 2565 1173 2608 summe

243 2653 378 2714 canenda
395 2649 597 2726 distinximus,
619 2650 676 2713 isto
701 2652 764 2714 solo
789 2661 859 2714 sunt
879 2652 946 2714 stilo
967 2654 1116 2728 canenda,
1134 2653 1174 2714 vi·

243 2759 350 2822 delicet
369 2761 470 2838 dalaq
492 2760 585 2820 Amm
601 2767 631 2820 et
653 2759 767 2837 Wmm,
784 2767 814 2821 ct
830 2780 896 2838 quae
912 2764 1034 2838 propter
1051 2780 1088 2821 ea
1104 2779 1173 2820 con·

242 2865 381 2945 cipimus,
406 2867 568 2928 dummodo
594 2865 677 2926 nullo
704 2864 857 2927 accidente
882 2865 1033 2926 vilescant.
1058 2864 1171 2926 Caveat

243 2991 313 3052 ergo
328 2971 463 3049 quilibet,
479 2976 509 3032 et
526 2971 676 3032 discernat
692 2987 740 3043 ea,
759 2987 825 3046 quce
842 2968 987 3044 dicimus;
1005 2974 1034 3028 et
1049 2968 1171 3045 quando

194 3095 222 3141 to
241 3077 299 3138 tria
314 3077 378 3138 haeo
395 3096 469 3155 pure
486 3082 606 3140 cantare
626 3075 765 3150 intendit,
786 3077 834 3136 vel
855 3095 921 3153 quae
941 3077 980 3135 ad
1002 3094 1038 3136 ea
1058 3073 1171 3136 directe

241 3189 272 3245 et
288 3203 363 3263 pure
381 3191 558 3261 sequuntur,
583 3185 665 3264 prius
688 3183 830 3246 Helicone
848 3189 982 3263 potatus,
998 3183 1092 3244 tensis
1110 3183 1171 3244 fidi-

240 3292 298 3352 bus
322 3290 461 3350 adsumat
482 3310 592 3374 *secure
616 3293 776 3372 plectrum,
798 3297 916 3354 etcum
936 3312 1020 3354 more
1039 3292 1170 3371 incipiat.

241 3397 301 3459 Sed
322 3398 503 3478 Contionem,
523 3405 614 3477 atque
634 3399 844 3462 discretionem
861 3401 950 3476 hanc,
972 3400 1049 3462 sicut
1069 3399 1171 3470 decet,

241 3503 351 3578 facere,
368 3504 426 3566 hoc
445 3523 519 3582 opus
541 3510 571 3566 ct
590 3506 676 3568 labor
693 3515 755 3582 est;
773 3507 915 3585 quoniam
932 3527 1089 3585 nunquam
1106 3508 1173 3568 sine
