<?xml version="1.0" encoding="UTF-8"?>
<!DOCTYPE html PUBLIC "-//W3C//DTD XHTML 1.0 Transitional//EN"
    "http://www.w3.org/TR/xhtml1/DTD/xhtml1-transitional.dtd">
<html xmlns="http://www.w3.org/1999/xhtml" xml:lang="en" lang="en">
 <head>
  <title>
</title>
<meta http-equiv="Content-Type" content="text/html;charset=utf-8" />
  <meta name='ocr-system' content='tesseract 3.04.00' />
  <meta name='ocr-capabilities' content='ocr_page ocr_carea ocr_par ocr_line ocrx_word'/>
</head>
<body>
  <div class='ocr_page' id='page_1' title='image "./operelatine00giulgoog_0296.png"; bbox 0 0 2578 4038; ppageno 0'>
   <div class='ocr_carea' id='block_1_1' title="bbox 484 205 1072 264">
    <p class='ocr_par' dir='ltr' id='par_1_1' title="bbox 484 205 1072 264">
     <span class='ocr_line' id='line_1_1' title="bbox 484 205 1072 264; baseline 0.009 -8"><span class='ocrx_word' id='word_1_1' title='bbox 484 215 570 257; x_wconf 77' lang='lat' dir='ltr'>niara</span> <span class='ocrx_word' id='word_1_2' title='bbox 589 217 723 258; x_wconf 77' lang='lat' dir='ltr'>ruamus.</span> <span class='ocrx_word' id='word_1_3' title='bbox 1019 205 1072 264; x_wconf 76' lang='lat'>277</span> 
     </span>
    </p>
   </div>
   <div class='ocr_carea' id='block_1_2' title="bbox 135 347 1149 3079">
    <p class='ocr_par' dir='ltr' id='par_1_2' title="bbox 135 347 1149 3079">
     <span class='ocr_line' id='line_1_2' title="bbox 137 347 1072 430; baseline 0.007 -23"><span class='ocrx_word' id='word_1_4' title='bbox 137 347 260 421; x_wconf 83' lang='lat' dir='ltr'>salsum,</span> <span class='ocrx_word' id='word_1_5' title='bbox 283 367 340 408; x_wconf 88' lang='lat' dir='ltr'>nee</span> <span class='ocrx_word' id='word_1_6' title='bbox 361 368 397 409; x_wconf 88' lang='lat' dir='ltr'>ea</span> <span class='ocrx_word' id='word_1_7' title='bbox 419 367 485 424; x_wconf 90' lang='lat' dir='ltr'>quae</span> <span class='ocrx_word' id='word_1_8' title='bbox 507 355 675 424; x_wconf 87' lang='lat' dir='ltr'>sequuntur</span> <span class='ocrx_word' id='word_1_9' title='bbox 698 349 735 409; x_wconf 89' lang='lat' dir='ltr'>ad</span> <span class='ocrx_word' id='word_1_10' title='bbox 757 350 865 427; x_wconf 91' lang='lat' dir='ltr'>ipsum.</span> <span class='ocrx_word' id='word_1_11' title='bbox 885 351 1072 430; x_wconf 88' lang='lat' dir='ltr'>Impossibile</span> 
     </span>
     <span class='ocr_line' id='line_1_3' title="bbox 137 453 1073 530; baseline 0.004 -15"><span class='ocrx_word' id='word_1_12' title='bbox 137 455 217 515; x_wconf 91' lang='lat' dir='ltr'>enim</span> <span class='ocrx_word' id='word_1_13' title='bbox 232 455 324 516; x_wconf 91' lang='lat' dir='ltr'>estin</span> <span class='ocrx_word' id='word_1_14' title='bbox 338 453 514 516; x_wconf 87' lang='lat' dir='ltr'>necessariis</span> <span class='ocrx_word' id='word_1_15' title='bbox 530 453 751 530; x_wconf 82' lang='lat' dir='ltr'>consequentiis</span> <span class='ocrx_word' id='word_1_16' title='bbox 764 455 875 515; x_wconf 87' lang='lat' dir='ltr'>falsum</span> <span class='ocrx_word' id='word_1_17' title='bbox 888 475 955 517; x_wconf 89' lang='lat' dir='ltr'>esse</span> <span class='ocrx_word' id='word_1_18' title='bbox 970 478 1073 519; x_wconf 87' lang='lat' dir='ltr'>cunse-</span> 
     </span>
     <span class='ocr_line' id='line_1_4' title="bbox 137 559 1072 640; baseline 0 -17"><span class='ocrx_word' id='word_1_19' title='bbox 137 581 247 640; x_wconf 82' lang='lat' dir='ltr'>quens,</span> <span class='ocrx_word' id='word_1_20' title='bbox 279 563 561 622; x_wconf 88' lang='lat' dir='ltr'>antecedente-non</span> <span class='ocrx_word' id='word_1_21' title='bbox 587 559 663 619; x_wconf 87' lang='lat' dir='ltr'>falso</span> <span class='ocrx_word' id='word_1_22' title='bbox 690 560 844 620; x_wconf 80' lang='lat' dir='ltr'>existente.</span> <span class='ocrx_word' id='word_1_23' title='bbox 867 560 927 621; x_wconf 87' lang='lat' dir='ltr'>Sed</span> <span class='ocrx_word' id='word_1_24' title='bbox 951 563 990 622; x_wconf 90' lang='lat' dir='ltr'>ad</span> <span class='ocrx_word' id='word_1_25' title='bbox 1014 583 1072 624; x_wconf 75' lang='lat' dir='ltr'>noia</span> 
     </span>
     <span class='ocr_line' id='line_1_5' title="bbox 136 665 1119 749; baseline 0.002 -23"><span class='ocrx_word' id='word_1_26' title='bbox 136 667 207 726; x_wconf 76' lang='lat' dir='ltr'>nella</span> <span class='ocrx_word' id='word_1_27' title='bbox 224 666 356 726; x_wconf 82' lang='lat' dir='ltr'>atterum</span> <span class='ocrx_word' id='word_1_28' title='bbox 373 668 502 727; x_wconf 86' lang='lat' dir='ltr'>duorum</span> <span class='ocrx_word' id='word_1_29' title='bbox 517 665 653 742; x_wconf 89' lang='lat' dir='ltr'>sequitur</span> <span class='ocrx_word' id='word_1_30' title='bbox 668 668 705 727; x_wconf 91' lang='lat' dir='ltr'>de</span> <span class='ocrx_word' id='word_1_31' title='bbox 719 667 912 745; x_wconf 85' lang='lat' dir='ltr'>necessitate,</span> <span class='ocrx_word' id='word_1_32' title='bbox 928 674 1070 749; x_wconf 72' lang='lat' dir='ltr'>emerite,</span> <span class='ocrx_word' id='word_1_33' title='bbox 1092 685 1119 729; x_wconf 81' lang='lat'>1⁵</span> 
     </span>
     <span class='ocr_line' id='line_1_6' title="bbox 136 770 1069 852; baseline 0.006 -22"><span class='ocrx_word' id='word_1_34' title='bbox 136 778 263 831; x_wconf 83' lang='lat' dir='ltr'>autnon</span> <span class='ocrx_word' id='word_1_35' title='bbox 279 772 362 830; x_wconf 82' lang='lat' dir='ltr'>velle:</span> <span class='ocrx_word' id='word_1_36' title='bbox 385 771 462 829; x_wconf 91' lang='lat' dir='ltr'>sicut</span> <span class='ocrx_word' id='word_1_37' title='bbox 487 770 525 829; x_wconf 86' lang='lat' dir='ltr'>ad</span> <span class='ocrx_word' id='word_1_38' title='bbox 545 790 603 830; x_wconf 81' lang='lat' dir='ltr'>nnn</span> <span class='ocrx_word' id='word_1_39' title='bbox 625 773 705 831; x_wconf 84' lang='lat' dir='ltr'>odire</span> <span class='ocrx_word' id='word_1_40' title='bbox 724 773 895 836; x_wconf 84' lang='lat' dir='ltr'>necessario</span> <span class='ocrx_word' id='word_1_41' title='bbox 922 776 1069 852; x_wconf 84' lang='lat' dir='ltr'>sequitur,</span> 
     </span>
     <span class='ocr_line' id='line_1_7' title="bbox 137 879 1071 956; baseline 0.005 -19"><span class='ocrx_word' id='word_1_42' title='bbox 137 882 186 937; x_wconf 88' lang='lat' dir='ltr'>aut</span> <span class='ocrx_word' id='word_1_43' title='bbox 207 898 328 956; x_wconf 76' lang='lat' dir='ltr'>amare,</span> <span class='ocrx_word' id='word_1_44' title='bbox 350 881 479 937; x_wconf 84' lang='lat' dir='ltr'>autnon</span> <span class='ocrx_word' id='word_1_45' title='bbox 500 894 615 937; x_wconf 84' lang='lat' dir='ltr'>amare:</span> <span class='ocrx_word' id='word_1_46' title='bbox 640 897 701 938; x_wconf 90' lang='lat' dir='ltr'>non</span> <span class='ocrx_word' id='word_1_47' title='bbox 722 879 803 940; x_wconf 90' lang='lat' dir='ltr'>enim</span> <span class='ocrx_word' id='word_1_48' title='bbox 823 901 882 942; x_wconf 81' lang='lat' dir='ltr'>non</span> <span class='ocrx_word' id='word_1_49' title='bbox 905 903 1006 944; x_wconf 80' lang='lat' dir='ltr'>amare</span> <span class='ocrx_word' id='word_1_50' title='bbox 1027 890 1071 944; x_wconf 90' lang='lat' dir='ltr'>est</span> 
     </span>
     <span class='ocr_line' id='line_1_8' title="bbox 136 985 1072 1066; baseline 0.01 -24"><span class='ocrx_word' id='word_1_51' title='bbox 136 985 311 1062; x_wconf 81' lang='lat' dir='ltr'>odire,nec</span> <span class='ocrx_word' id='word_1_52' title='bbox 331 985 473 1044; x_wconf 73' lang='lat' dir='ltr'>convelle</span> <span class='ocrx_word' id='word_1_53' title='bbox 495 989 540 1043; x_wconf 91' lang='lat' dir='ltr'>est</span> <span class='ocrx_word' id='word_1_54' title='bbox 560 986 647 1062; x_wconf 77' lang='lat' dir='ltr'>nolle,</span> <span class='ocrx_word' id='word_1_55' title='bbox 669 992 702 1046; x_wconf 92' lang='lat' dir='ltr'>ut</span> <span class='ocrx_word' id='word_1_56' title='bbox 723 987 760 1046; x_wconf 91' lang='lat' dir='ltr'>de</span> <span class='ocrx_word' id='word_1_57' title='bbox 781 1006 815 1048; x_wconf 94' lang='lat' dir='ltr'>se</span> <span class='ocrx_word' id='word_1_58' title='bbox 839 994 931 1066; x_wconf 86' lang='lat' dir='ltr'>patet.</span> <span class='ocrx_word' id='word_1_59' title='bbox 952 989 1025 1062; x_wconf 84' lang='lat' dir='ltr'>Quae</span> <span class='ocrx_word' id='word_1_60' title='bbox 1047 990 1072 1050; x_wconf 91' lang='lat' dir='ltr'>si</span> 
     </span>
     <span class='ocr_line' id='line_1_9' title="bbox 135 1071 1073 1174; baseline 0.011 -26"><span class='ocrx_word' id='word_1_61' title='bbox 135 1087 209 1150; x_wconf 77' lang='lat' dir='ltr'>falsa</span> <span class='ocrx_word' id='word_1_62' title='bbox 225 1109 292 1150; x_wconf 91' lang='lat' dir='ltr'>non</span> <span class='ocrx_word' id='word_1_63' title='bbox 313 1095 396 1163; x_wconf 89' lang='lat' dir='ltr'>sunt,</span> <span class='ocrx_word' id='word_1_64' title='bbox 420 1088 501 1149; x_wconf 93' lang='lat' dir='ltr'>istud</span> <span class='ocrx_word' id='word_1_65' title='bbox 522 1071 656 1152; x_wconf 83' lang='lat' dir='ltr'>nouerit</span> <span class='ocrx_word' id='word_1_66' title='bbox 676 1091 803 1154; x_wconf 89' lang='lat' dir='ltr'>falsum:</span> <span class='ocrx_word' id='word_1_67' title='bbox 822 1096 901 1156; x_wconf 80' lang='lat' dir='ltr'>Deua</span> <span class='ocrx_word' id='word_1_68' title='bbox 920 1098 1073 1174; x_wconf 74' lang='lat' dir='ltr'>mequod</span> 
     </span>
     <span class='ocr_line' id='line_1_10' title="bbox 135 1195 1120 1275; baseline -0.005 -17"><span class='ocrx_word' id='word_1_69' title='bbox 135 1215 190 1258; x_wconf 81' lang='lat' dir='ltr'>aen</span> <span class='ocrx_word' id='word_1_70' title='bbox 205 1199 270 1258; x_wconf 76' lang='lat' dir='ltr'>vult</span> <span class='ocrx_word' id='word_1_71' title='bbox 278 1220 292 1275; x_wconf 89' lang='lat'><em>;</em></span> <span class='ocrx_word' id='word_1_72' title='bbox 308 1197 393 1275; x_wconf 87' lang='lat' dir='ltr'>cujus</span> <span class='ocrx_word' id='word_1_73' title='bbox 411 1196 525 1256; x_wconf 88' lang='lat' dir='ltr'>falsitas</span> <span class='ocrx_word' id='word_1_74' title='bbox 542 1215 604 1256; x_wconf 90' lang='lat' dir='ltr'>non</span> <span class='ocrx_word' id='word_1_75' title='bbox 621 1195 713 1256; x_wconf 87' lang='lat' dir='ltr'>habet</span> <span class='ocrx_word' id='word_1_76' title='bbox 729 1198 923 1274; x_wconf 87' lang='lat' dir='ltr'>superiorem.</span> <span class='ocrx_word' id='word_1_77' title='bbox 1091 1209 1120 1254; x_wconf 74' lang='lat'>‘20</span> 
     </span>
     <span class='ocr_line' id='line_1_11' title="bbox 215 1306 1070 1384; baseline -0.002 -13"><span class='ocrx_word' id='word_1_78' title='bbox 215 1310 306 1383; x_wconf 86' lang='lat' dir='ltr'>Quod</span> <span class='ocrx_word' id='word_1_79' title='bbox 323 1313 425 1369; x_wconf 83' lang='lat' dir='ltr'>autem</span> <span class='ocrx_word' id='word_1_80' title='bbox 446 1326 551 1368; x_wconf 90' lang='lat' dir='ltr'>verum</span> <span class='ocrx_word' id='word_1_81' title='bbox 572 1306 610 1366; x_wconf 88' lang='lat' dir='ltr'>sit</span> <span class='ocrx_word' id='word_1_82' title='bbox 628 1309 708 1384; x_wconf 89' lang='lat' dir='ltr'>quod</span> <span class='ocrx_word' id='word_1_83' title='bbox 729 1307 849 1383; x_wconf 85' lang='lat' dir='ltr'>dicitur,</span> <span class='ocrx_word' id='word_1_84' title='bbox 872 1309 914 1370; x_wconf 89' lang='lat' dir='ltr'>sic</span> <span class='ocrx_word' id='word_1_85' title='bbox 935 1310 1070 1372; x_wconf 88' lang='lat' dir='ltr'>declaro:</span> 
     </span>
     <span class='ocr_line' id='line_1_12' title="bbox 135 1412 1072 1490; baseline 0 -16"><span class='ocrx_word' id='word_1_86' title='bbox 135 1412 330 1477; x_wconf 86' lang='lat' dir='ltr'>Manifestum</span> <span class='ocrx_word' id='word_1_87' title='bbox 347 1422 393 1474; x_wconf 85' lang='lat' dir='ltr'>est</span> <span class='ocrx_word' id='word_1_88' title='bbox 413 1413 495 1490; x_wconf 90' lang='lat' dir='ltr'>quod</span> <span class='ocrx_word' id='word_1_89' title='bbox 518 1413 600 1473; x_wconf 89' lang='lat' dir='ltr'>Deus</span> <span class='ocrx_word' id='word_1_90' title='bbox 627 1413 719 1474; x_wconf 89' lang='lat' dir='ltr'>finem</span> <span class='ocrx_word' id='word_1_91' title='bbox 739 1413 861 1474; x_wconf 86' lang='lat' dir='ltr'>Naturae</span> <span class='ocrx_word' id='word_1_92' title='bbox 882 1416 960 1474; x_wconf 81' lang='lat' dir='ltr'>vult:</span> <span class='ocrx_word' id='word_1_93' title='bbox 985 1415 1072 1476; x_wconf 85' lang='lat' dir='ltr'>aliter</span> 
     </span>
     <span class='ocr_line' id='line_1_13' title="bbox 138 1519 1072 1597; baseline -0.002 -16"><span class='ocrx_word' id='word_1_94' title='bbox 138 1519 256 1584; x_wconf 79' lang='lat' dir='ltr'>Caelum</span> <span class='ocrx_word' id='word_1_95' title='bbox 278 1522 374 1583; x_wconf 90' lang='lat' dir='ltr'>otiose</span> <span class='ocrx_word' id='word_1_96' title='bbox 395 1525 581 1594; x_wconf 87' lang='lat' dir='ltr'>moveretur,</span> <span class='ocrx_word' id='word_1_97' title='bbox 604 1521 685 1597; x_wconf 92' lang='lat' dir='ltr'>quod</span> <span class='ocrx_word' id='word_1_98' title='bbox 702 1519 861 1580; x_wconf 90' lang='lat' dir='ltr'>dicendum</span> <span class='ocrx_word' id='word_1_99' title='bbox 882 1539 943 1580; x_wconf 90' lang='lat' dir='ltr'>non</span> <span class='ocrx_word' id='word_1_100' title='bbox 964 1526 1019 1580; x_wconf 87' lang='lat' dir='ltr'>est.</span> <span class='ocrx_word' id='word_1_101' title='bbox 1041 1520 1072 1580; x_wconf 91' lang='lat' dir='ltr'>Si</span> 
     </span>
     <span class='ocr_line' id='line_1_14' title="bbox 136 1621 1125 1703; baseline -0.002 -19"><span class='ocrx_word' id='word_1_102' title='bbox 136 1625 215 1688; x_wconf 89' lang='lat' dir='ltr'>Deus</span> <span class='ocrx_word' id='word_1_103' title='bbox 231 1627 324 1688; x_wconf 86' lang='lat' dir='ltr'>vellet</span> <span class='ocrx_word' id='word_1_104' title='bbox 346 1625 596 1703; x_wconf 83' lang='lat' dir='ltr'>impedimentum</span> <span class='ocrx_word' id='word_1_105' title='bbox 612 1622 692 1695; x_wconf 87' lang='lat' dir='ltr'>finis,</span> <span class='ocrx_word' id='word_1_106' title='bbox 714 1622 803 1682; x_wconf 88' lang='lat' dir='ltr'>vellet</span> <span class='ocrx_word' id='word_1_107' title='bbox 821 1627 851 1682; x_wconf 91' lang='lat' dir='ltr'>et</span> <span class='ocrx_word' id='word_1_108' title='bbox 872 1621 965 1682; x_wconf 86' lang='lat' dir='ltr'>finem</span> <span class='ocrx_word' id='word_1_109' title='bbox 980 1622 1071 1700; x_wconf 92' lang='lat' dir='ltr'>impe·</span> <span class='ocrx_word' id='word_1_110' title='bbox 1122 1641 1125 1647; x_wconf 84' lang='grc'>’</span> 
     </span>
     <span class='ocr_line' id='line_1_15' title="bbox 135 1728 1119 1806; baseline -0.002 -16"><span class='ocrx_word' id='word_1_111' title='bbox 135 1729 278 1806; x_wconf 88' lang='lat' dir='ltr'>dimenti;</span> <span class='ocrx_word' id='word_1_112' title='bbox 297 1729 385 1791; x_wconf 88' lang='lat' dir='ltr'>aliter</span> <span class='ocrx_word' id='word_1_113' title='bbox 406 1730 496 1791; x_wconf 89' lang='lat' dir='ltr'>etiam</span> <span class='ocrx_word' id='word_1_114' title='bbox 516 1728 610 1789; x_wconf 90' lang='lat' dir='ltr'>otiose</span> <span class='ocrx_word' id='word_1_115' title='bbox 626 1729 724 1788; x_wconf 88' lang='lat' dir='ltr'>vellet.</span> <span class='ocrx_word' id='word_1_116' title='bbox 746 1728 869 1788; x_wconf 84' lang='lat' dir='ltr'>Etcum</span> <span class='ocrx_word' id='word_1_117' title='bbox 891 1728 957 1790; x_wconf 87' lang='lat' dir='ltr'>finis</span> <span class='ocrx_word' id='word_1_118' title='bbox 981 1728 1071 1806; x_wconf 91' lang='lat' dir='ltr'>impe·</span> <span class='ocrx_word' id='word_1_119' title='bbox 1093 1745 1119 1788; x_wconf 80' lang='lat'>‘25</span> 
     </span>
     <span class='ocr_line' id='line_1_16' title="bbox 136 1837 1071 1915; baseline 0.001 -17"><span class='ocrx_word' id='word_1_120' title='bbox 136 1838 262 1901; x_wconf 90' lang='lat' dir='ltr'>dimenti</span> <span class='ocrx_word' id='word_1_121' title='bbox 279 1840 331 1912; x_wconf 87' lang='lat' dir='ltr'>sit,</span> <span class='ocrx_word' id='word_1_122' title='bbox 352 1859 413 1900; x_wconf 92' lang='lat' dir='ltr'>non</span> <span class='ocrx_word' id='word_1_123' title='bbox 431 1859 498 1900; x_wconf 87' lang='lat' dir='ltr'>esse</span> <span class='ocrx_word' id='word_1_124' title='bbox 520 1837 563 1900; x_wconf 91' lang='lat' dir='ltr'>rei</span> <span class='ocrx_word' id='word_1_125' title='bbox 579 1837 742 1915; x_wconf 69' lang='lat' dir='ltr'>impeditam</span> <span class='ocrx_word' id='word_1_126' title='bbox 765 1843 955 1914; x_wconf 85' lang='lat' dir='ltr'>sequeretur,</span> <span class='ocrx_word' id='word_1_127' title='bbox 974 1838 1071 1908; x_wconf 87' lang='lat' dir='ltr'>Deum</span> 
     </span>
     <span class='ocr_line' id='line_1_17' title="bbox 135 1925 1070 2019; baseline 0.007 -20"><span class='ocrx_word' id='word_1_128' title='bbox 135 1941 209 2002; x_wconf 81' lang='lat' dir='ltr'>velle</span> <span class='ocrx_word' id='word_1_129' title='bbox 227 1961 292 2002; x_wconf 91' lang='lat' dir='ltr'>non</span> <span class='ocrx_word' id='word_1_130' title='bbox 310 1945 378 2002; x_wconf 87' lang='lat' dir='ltr'>esse</span> <span class='ocrx_word' id='word_1_131' title='bbox 390 1925 492 2002; x_wconf 63' lang='lat' dir='ltr'>,finem</span> <span class='ocrx_word' id='word_1_132' title='bbox 508 1941 643 2014; x_wconf 87' lang='lat' dir='ltr'>Naturae,</span> <span class='ocrx_word' id='word_1_133' title='bbox 663 1943 714 2019; x_wconf 93' lang='lat' dir='ltr'>qui</span> <span class='ocrx_word' id='word_1_134' title='bbox 732 1941 838 2004; x_wconf 89' lang='lat' dir='ltr'>dicitur</span> <span class='ocrx_word' id='word_1_135' title='bbox 852 1945 927 2006; x_wconf 88' lang='lat' dir='ltr'>velle</span> <span class='ocrx_word' id='word_1_136' title='bbox 945 1964 1021 2006; x_wconf 89' lang='lat' dir='ltr'>esse.</span> <span class='ocrx_word' id='word_1_137' title='bbox 1040 1945 1070 2006; x_wconf 82' lang='lat' dir='ltr'>si</span> 
     </span>
     <span class='ocr_line' id='line_1_18' title="bbox 136 2045 1149 2127; baseline 0.004 -23"><span class='ocrx_word' id='word_1_138' title='bbox 136 2047 216 2108; x_wconf 89' lang='lat' dir='ltr'>enim</span> <span class='ocrx_word' id='word_1_139' title='bbox 235 2047 318 2107; x_wconf 89' lang='lat' dir='ltr'>Deus</span> <span class='ocrx_word' id='word_1_140' title='bbox 335 2065 397 2106; x_wconf 90' lang='lat' dir='ltr'>non</span> <span class='ocrx_word' id='word_1_141' title='bbox 414 2047 503 2106; x_wconf 87' lang='lat' dir='ltr'>vellet</span> <span class='ocrx_word' id='word_1_142' title='bbox 525 2045 773 2123; x_wconf 89' lang='lat' dir='ltr'>impedimentum</span> <span class='ocrx_word' id='word_1_143' title='bbox 791 2046 874 2121; x_wconf 77' lang='lat' dir='ltr'>finis,</span> <span class='ocrx_word' id='word_1_144' title='bbox 896 2053 985 2127; x_wconf 89' lang='lat' dir='ltr'>prout</span> <span class='ocrx_word' id='word_1_145' title='bbox 1010 2067 1071 2110; x_wconf 91' lang='lat' dir='ltr'>non</span> <span class='ocrx_word' id='word_1_146' title='bbox 1144 2057 1149 2068; x_wconf 86' lang='lat'><strong><em>¹</em></strong></span> 
     </span>
     <span class='ocr_line' id='line_1_19' title="bbox 136 2154 1070 2234; baseline 0.003 -22"><span class='ocrx_word' id='word_1_147' title='bbox 136 2154 236 2228; x_wconf 88' lang='lat' dir='ltr'>vellet,</span> <span class='ocrx_word' id='word_1_148' title='bbox 264 2160 442 2230; x_wconf 87' lang='lat' dir='ltr'>sequeretur</span> <span class='ocrx_word' id='word_1_149' title='bbox 466 2154 503 2212; x_wconf 87' lang='lat' dir='ltr'>ad</span> <span class='ocrx_word' id='word_1_150' title='bbox 523 2173 581 2214; x_wconf 79' lang='lat' dir='ltr'>non</span> <span class='ocrx_word' id='word_1_151' title='bbox 596 2157 675 2232; x_wconf 83' lang='lat' dir='ltr'>velle,</span> <span class='ocrx_word' id='word_1_152' title='bbox 698 2155 777 2234; x_wconf 91' lang='lat' dir='ltr'>quod</span> <span class='ocrx_word' id='word_1_153' title='bbox 799 2154 871 2216; x_wconf 90' lang='lat' dir='ltr'>nihil</span> <span class='ocrx_word' id='word_1_154' title='bbox 888 2155 925 2217; x_wconf 91' lang='lat' dir='ltr'>de</span> <span class='ocrx_word' id='word_1_155' title='bbox 947 2154 1070 2234; x_wconf 93' lang='lat' dir='ltr'>impedi·</span> 
     </span>
     <span class='ocr_line' id='line_1_20' title="bbox 137 2260 1119 2341; baseline -0.002 -19"><span class='ocrx_word' id='word_1_156' title='bbox 137 2268 240 2322; x_wconf 88' lang='lat' dir='ltr'>mento</span> <span class='ocrx_word' id='word_1_157' title='bbox 255 2266 386 2334; x_wconf 86' lang='lat' dir='ltr'>cureret,</span> <span class='ocrx_word' id='word_1_158' title='bbox 405 2260 466 2320; x_wconf 89' lang='lat' dir='ltr'>sive</span> <span class='ocrx_word' id='word_1_159' title='bbox 484 2265 581 2334; x_wconf 88' lang='lat' dir='ltr'>esset,</span> <span class='ocrx_word' id='word_1_160' title='bbox 603 2263 664 2322; x_wconf 85' lang='lat' dir='ltr'>sire</span> <span class='ocrx_word' id='word_1_161' title='bbox 685 2281 746 2324; x_wconf 89' lang='lat' dir='ltr'>non</span> <span class='ocrx_word' id='word_1_162' title='bbox 768 2267 857 2324; x_wconf 86' lang='lat' dir='ltr'>esset.</span> <span class='ocrx_word' id='word_1_163' title='bbox 874 2262 934 2324; x_wconf 88' lang='lat' dir='ltr'>Sed</span> <span class='ocrx_word' id='word_1_164' title='bbox 951 2263 1002 2341; x_wconf 92' lang='lat' dir='ltr'>qui</span> <span class='ocrx_word' id='word_1_165' title='bbox 1018 2263 1070 2324; x_wconf 93' lang='lat' dir='ltr'>im·</span> <span class='ocrx_word' id='word_1_166' title='bbox 1091 2276 1119 2320; x_wconf 77' lang='lat'>³0</span> 
     </span>
     <span class='ocr_line' id='line_1_21' title="bbox 136 2369 1070 2448; baseline 0.002 -20"><span class='ocrx_word' id='word_1_167' title='bbox 136 2369 343 2444; x_wconf 89' lang='lat' dir='ltr'>pedimentum</span> <span class='ocrx_word' id='word_1_168' title='bbox 364 2385 426 2428; x_wconf 90' lang='lat' dir='ltr'>non</span> <span class='ocrx_word' id='word_1_169' title='bbox 448 2375 545 2440; x_wconf 90' lang='lat' dir='ltr'>curat,</span> <span class='ocrx_word' id='word_1_170' title='bbox 564 2387 630 2429; x_wconf 92' lang='lat' dir='ltr'>rem</span> <span class='ocrx_word' id='word_1_171' title='bbox 652 2387 718 2446; x_wconf 88' lang='lat' dir='ltr'>quae</span> <span class='ocrx_word' id='word_1_172' title='bbox 738 2373 839 2448; x_wconf 89' lang='lat' dir='ltr'>potest</span> <span class='ocrx_word' id='word_1_173' title='bbox 855 2369 991 2448; x_wconf 87' lang='lat' dir='ltr'>impediri</span> <span class='ocrx_word' id='word_1_174' title='bbox 1008 2389 1070 2430; x_wconf 91' lang='lat' dir='ltr'>non</span> 
     </span>
     <span class='ocr_line' id='line_1_22' title="bbox 137 2474 1070 2551; baseline 0.003 -19"><span class='ocrx_word' id='word_1_175' title='bbox 137 2481 235 2546; x_wconf 87' lang='lat' dir='ltr'>curat,</span> <span class='ocrx_word' id='word_1_176' title='bbox 262 2481 292 2534; x_wconf 87' lang='lat' dir='ltr'>et</span> <span class='ocrx_word' id='word_1_177' title='bbox 315 2491 368 2551; x_wconf 88' lang='lat' dir='ltr'>per</span> <span class='ocrx_word' id='word_1_178' title='bbox 390 2491 591 2550; x_wconf 85' lang='lat' dir='ltr'>consequens,</span> <span class='ocrx_word' id='word_1_179' title='bbox 609 2491 670 2534; x_wconf 90' lang='lat' dir='ltr'>non</span> <span class='ocrx_word' id='word_1_180' title='bbox 693 2474 784 2538; x_wconf 87' lang='lat' dir='ltr'>habet</span> <span class='ocrx_word' id='word_1_181' title='bbox 800 2474 830 2536; x_wconf 92' lang='lat' dir='ltr'>in</span> <span class='ocrx_word' id='word_1_182' title='bbox 847 2475 1015 2549; x_wconf 85' lang='lat' dir='ltr'>voluntate;</span> <span class='ocrx_word' id='word_1_183' title='bbox 1041 2480 1070 2536; x_wconf 89' lang='lat' dir='ltr'>et</span> 
     </span>
     <span class='ocr_line' id='line_1_23' title="bbox 136 2579 1069 2657; baseline -0.001 -17"><span class='ocrx_word' id='word_1_184' title='bbox 136 2581 218 2656; x_wconf 91' lang='lat' dir='ltr'>quod</span> <span class='ocrx_word' id='word_1_185' title='bbox 241 2579 307 2657; x_wconf 91' lang='lat' dir='ltr'>quis</span> <span class='ocrx_word' id='word_1_186' title='bbox 325 2598 385 2639; x_wconf 90' lang='lat' dir='ltr'>non</span> <span class='ocrx_word' id='word_1_187' title='bbox 407 2579 499 2639; x_wconf 87' lang='lat' dir='ltr'>habet</span> <span class='ocrx_word' id='word_1_188' title='bbox 521 2579 551 2638; x_wconf 89' lang='lat' dir='ltr'>in</span> <span class='ocrx_word' id='word_1_189' title='bbox 579 2579 747 2652; x_wconf 85' lang='lat' dir='ltr'>voluntate,</span> <span class='ocrx_word' id='word_1_190' title='bbox 770 2598 832 2640; x_wconf 89' lang='lat' dir='ltr'>non</span> <span class='ocrx_word' id='word_1_191' title='bbox 846 2581 918 2640; x_wconf 83' lang='lat' dir='ltr'>vult.</span> <span class='ocrx_word' id='word_1_192' title='bbox 942 2580 1069 2656; x_wconf 90' lang='lat' dir='ltr'>Propter</span> 
     </span>
     <span class='ocr_line' id='line_1_24' title="bbox 138 2681 1068 2760; baseline -0.002 -16"><span class='ocrx_word' id='word_1_193' title='bbox 138 2685 234 2760; x_wconf 89' lang='lat' dir='ltr'>quod,</span> <span class='ocrx_word' id='word_1_194' title='bbox 259 2683 285 2744; x_wconf 90' lang='lat' dir='ltr'>si</span> <span class='ocrx_word' id='word_1_195' title='bbox 309 2684 376 2744; x_wconf 88' lang='lat' dir='ltr'>finis</span> <span class='ocrx_word' id='word_1_196' title='bbox 401 2684 522 2744; x_wconf 85' lang='lat' dir='ltr'>Naturae</span> <span class='ocrx_word' id='word_1_197' title='bbox 548 2681 686 2758; x_wconf 90' lang='lat' dir='ltr'>impediri</span> <span class='ocrx_word' id='word_1_198' title='bbox 711 2688 822 2758; x_wconf 90' lang='lat' dir='ltr'>potest,</span> <span class='ocrx_word' id='word_1_199' title='bbox 849 2682 929 2757; x_wconf 90' lang='lat' dir='ltr'>quod</span> <span class='ocrx_word' id='word_1_200' title='bbox 954 2684 1068 2758; x_wconf 81' lang='lat' dir='ltr'>potest3</span> 
     </span>
     <span class='ocr_line' id='line_1_25' title="bbox 138 2787 1113 2869; baseline -0.002 -20"><span class='ocrx_word' id='word_1_201' title='bbox 138 2790 173 2850; x_wconf 92' lang='lat' dir='ltr'>de</span> <span class='ocrx_word' id='word_1_202' title='bbox 194 2790 376 2852; x_wconf 83' lang='lat' dir='ltr'>necessitate</span> <span class='ocrx_word' id='word_1_203' title='bbox 395 2790 544 2869; x_wconf 87' lang='lat' dir='ltr'>sequitur,</span> <span class='ocrx_word' id='word_1_204' title='bbox 566 2789 646 2864; x_wconf 92' lang='lat' dir='ltr'>quod</span> <span class='ocrx_word' id='word_1_205' title='bbox 667 2788 748 2848; x_wconf 90' lang='lat' dir='ltr'>Deus</span> <span class='ocrx_word' id='word_1_206' title='bbox 764 2787 854 2848; x_wconf 87' lang='lat' dir='ltr'>finem</span> <span class='ocrx_word' id='word_1_207' title='bbox 869 2788 991 2850; x_wconf 83' lang='lat' dir='ltr'>Naturae</span> <span class='ocrx_word' id='word_1_208' title='bbox 1007 2807 1067 2850; x_wconf 89' lang='lat' dir='ltr'>non</span> <span class='ocrx_word' id='word_1_209' title='bbox 1088 2796 1113 2840; x_wconf 79' lang='lat'>35</span> 
     </span>
     <span class='ocr_line' id='line_1_26' title="bbox 137 2883 1068 2972; baseline -0.001 -17"><span class='ocrx_word' id='word_1_210' title='bbox 137 2897 218 2956; x_wconf 82' lang='lat' dir='ltr'>vult:</span> <span class='ocrx_word' id='word_1_211' title='bbox 240 2894 330 2956; x_wconf 89' lang='lat' dir='ltr'>etsie</span> <span class='ocrx_word' id='word_1_212' title='bbox 350 2883 486 2972; x_wconf 84' lang='lat' dir='ltr'>sequitur&#39;</span> <span class='ocrx_word' id='word_1_213' title='bbox 506 2893 586 2970; x_wconf 93' lang='lat' dir='ltr'>quod</span> <span class='ocrx_word' id='word_1_214' title='bbox 603 2891 698 2970; x_wconf 87' lang='lat' dir='ltr'>prius,</span> <span class='ocrx_word' id='word_1_215' title='bbox 720 2890 856 2952; x_wconf 86' lang='lat' dir='ltr'>videlicet</span> <span class='ocrx_word' id='word_1_216' title='bbox 872 2892 969 2954; x_wconf 90' lang='lat' dir='ltr'>Deum</span> <span class='ocrx_word' id='word_1_217' title='bbox 993 2894 1068 2954; x_wconf 86' lang='lat' dir='ltr'>velle</span> 
     </span>
     <span class='ocr_line' id='line_1_27' title="bbox 138 2999 1066 3079; baseline -0.003 -16"><span class='ocrx_word' id='word_1_218' title='bbox 138 3003 218 3079; x_wconf 90' lang='lat' dir='ltr'>quod</span> <span class='ocrx_word' id='word_1_219' title='bbox 235 3021 298 3064; x_wconf 88' lang='lat' dir='ltr'>non</span> <span class='ocrx_word' id='word_1_220' title='bbox 317 3003 389 3064; x_wconf 83' lang='lat' dir='ltr'>vult.</span> <span class='ocrx_word' id='word_1_221' title='bbox 406 3001 602 3062; x_wconf 87' lang='lat' dir='ltr'>Verissimum</span> <span class='ocrx_word' id='word_1_222' title='bbox 619 2999 707 3077; x_wconf 83' lang='lat' dir='ltr'>igitur</span> <span class='ocrx_word' id='word_1_223' title='bbox 722 3003 770 3060; x_wconf 91' lang='lat' dir='ltr'>est</span> <span class='ocrx_word' id='word_1_224' title='bbox 785 2999 858 3060; x_wconf 90' lang='lat' dir='ltr'>illud</span> <span class='ocrx_word' id='word_1_225' title='bbox 875 2999 1066 3078; x_wconf 87' lang='lat' dir='ltr'>principium,</span> 
     </span>
    </p>
   </div>
   <div class='ocr_carea' id='block_1_3' title="bbox 138 3107 944 3186">
    <p class='ocr_par' dir='ltr' id='par_1_3' title="bbox 138 3107 944 3186">
     <span class='ocr_line' id='line_1_28' title="bbox 138 3107 944 3186; baseline -0.001 -18"><span class='ocrx_word' id='word_1_226' title='bbox 138 3125 175 3169; x_wconf 87' lang='lat' dir='ltr'>ex</span> <span class='ocrx_word' id='word_1_227' title='bbox 192 3110 278 3186; x_wconf 88' lang='lat' dir='ltr'>cujus</span> <span class='ocrx_word' id='word_1_228' title='bbox 296 3108 524 3171; x_wconf 85' lang='lat' dir='ltr'>contradictorio</span> <span class='ocrx_word' id='word_1_229' title='bbox 541 3113 605 3170; x_wconf 88' lang='lat' dir='ltr'>tam</span> <span class='ocrx_word' id='word_1_230' title='bbox 621 3107 753 3169; x_wconf 87' lang='lat' dir='ltr'>absurda</span> <span class='ocrx_word' id='word_1_231' title='bbox 770 3113 944 3184; x_wconf 88' lang='lat' dir='ltr'>sequuntur.</span> 
     </span>
    </p>
   </div>
   <div class='ocr_carea' id='block_1_4' title="bbox 0 0 1294 4038">
    <p class='ocr_par' dir='ltr' id='par_1_4' title="bbox 0 0 1294 4038">
     <span class='ocr_line' id='line_1_29' title="bbox 0 0 1294 4038; baseline 0 0"><span class='ocrx_word' id='word_1_232' title='bbox 0 0 1294 4038; x_wconf 95' lang='lat' dir='ltr'> </span> 
     </span>
    </p>
   </div>
  </div>
 </body>
</html>
