<?xml version="1.0" encoding="UTF-8"?>
<!DOCTYPE html PUBLIC "-//W3C//DTD XHTML 1.0 Transitional//EN"
    "http://www.w3.org/TR/xhtml1/DTD/xhtml1-transitional.dtd">
<html xmlns="http://www.w3.org/1999/xhtml" xml:lang="en" lang="en">
 <head>
  <title>
</title>
<meta http-equiv="Content-Type" content="text/html;charset=utf-8" />
  <meta name='ocr-system' content='tesseract 3.04.00' />
  <meta name='ocr-capabilities' content='ocr_page ocr_carea ocr_par ocr_line ocrx_word'/>
</head>
<body>
  <div class='ocr_page' id='page_1' title='image "./operelatine00giulgoog_0446.png"; bbox 0 0 2576 4052; ppageno 0'>
   <div class='ocr_carea' id='block_1_1' title="bbox 481 252 1040 306">
    <p class='ocr_par' dir='ltr' id='par_1_1' title="bbox 481 252 1040 306">
     <span class='ocr_line' id='line_1_1' title="bbox 481 252 1040 306; baseline 0.007 -13"><span class='ocrx_word' id='word_1_1' title='bbox 481 253 641 297; x_wconf 84' lang='lat' dir='ltr'><strong>COMMENTI.</strong></span> <span class='ocrx_word' id='word_1_2' title='bbox 982 252 1040 306; x_wconf 59' lang='grc' dir='ltr'><strong><em>[ΩΤ</em></strong></span> 
     </span>
    </p>
   </div>
   <div class='ocr_carea' id='block_1_2' title="bbox 63 365 1111 3652">
    <p class='ocr_par' dir='ltr' id='par_1_2' title="bbox 64 365 1038 533">
     <span class='ocr_line' id='line_1_2' title="bbox 64 365 1038 440; baseline 0.013 -21"><span class='ocrx_word' id='word_1_3' title='bbox 64 365 302 436; x_wconf 81' lang='lat' dir='ltr'><strong><em>unumquodque</em></strong></span> <span class='ocrx_word' id='word_1_4' title='bbox 317 367 511 420; x_wconf 75' lang='lat' dir='ltr'><strong><em>mensurabile</em></strong></span> <span class='ocrx_word' id='word_1_5' title='bbox 529 367 566 420; x_wconf 89' lang='lat' dir='ltr'><strong><em>sil</em></strong></span> <span class='ocrx_word' id='word_1_6' title='bbox 585 367 617 421; x_wconf 87' lang='lat' dir='ltr'><strong><em>in</em></strong></span> <span class='ocrx_word' id='word_1_7' title='bbox 634 385 737 440; x_wconf 69' lang='lat' dir='ltr'><strong><em>aserere</em></strong></span> <span class='ocrx_word' id='word_1_8' title='bbox 750 370 817 437; x_wconf 87' lang='lat' dir='ltr'><strong><em>illo,</em></strong></span> <span class='ocrx_word' id='word_1_9' title='bbox 833 375 991 432; x_wconf 85' lang='lat' dir='ltr'><strong><em>seonnotnm</em></strong></span> <span class='ocrx_word' id='word_1_10' title='bbox 1005 377 1038 432; x_wconf 76' lang='lat' dir='ltr'><strong><em>ee</em></strong></span> 
     </span>
     <span class='ocr_line' id='line_1_3' title="bbox 65 454 1037 533; baseline 0.012 -25"><span class='ocrx_word' id='word_1_11' title='bbox 65 454 150 525; x_wconf 84' lang='lat' dir='ltr'><strong><em>qnod</em></strong></span> <span class='ocrx_word' id='word_1_12' title='bbox 160 455 411 523; x_wconf 86' lang='lat' dir='ltr'><strong><em>simplicissimam</em></strong></span> <span class='ocrx_word' id='word_1_13' title='bbox 426 461 466 509; x_wconf 82' lang='lat' dir='ltr'><strong><em>est</em></strong></span> <span class='ocrx_word' id='word_1_14' title='bbox 479 455 510 508; x_wconf 94' lang='lat' dir='ltr'><strong><em>in</em></strong></span> <span class='ocrx_word' id='word_1_15' title='bbox 520 472 623 526; x_wconf 68' lang='lat' dir='ltr'><strong><em>amere</em></strong></span> <span class='ocrx_word' id='word_1_16' title='bbox 637 457 701 512; x_wconf 88' lang='lat' dir='ltr'><strong><em>illo:</em></strong></span> <span class='ocrx_word' id='word_1_17' title='bbox 714 477 727 511; x_wconf 76' lang='lat' dir='ltr'><strong><em>s</em></strong></span> <span class='ocrx_word' id='word_1_18' title='bbox 746 459 785 514; x_wconf 91' lang='lat' dir='ltr'><strong><em>De</em></strong></span> <span class='ocrx_word' id='word_1_19' title='bbox 798 461 878 531; x_wconf 71' lang='lat' dir='ltr'><strong><em>Volo.</em></strong></span> <span class='ocrx_word' id='word_1_20' title='bbox 891 463 948 532; x_wconf 79' lang='lat' dir='ltr'><strong><em>El,</em></strong></span> <span class='ocrx_word' id='word_1_21' title='bbox 960 479 980 533; x_wconf 85' lang='lat'><strong><em>1,</em></strong></span> <span class='ocrx_word' id='word_1_22' title='bbox 993 465 1037 522; x_wconf 79' lang='lat' dir='ltr'><strong><em>le.</em></strong></span> 
     </span>
    </p>

    <p class='ocr_par' dir='ltr' id='par_1_3' title="bbox 63 542 1091 1419">
     <span class='ocr_line' id='line_1_4' title="bbox 147 542 1091 617; baseline 0.015 -21"><span class='ocrx_word' id='word_1_23' title='bbox 147 542 195 597; x_wconf 83' lang='grc'><strong><em>16.</em></strong></span> <span class='ocrx_word' id='word_1_24' title='bbox 218 543 322 597; x_wconf 86' lang='lat' dir='ltr'><strong><em>Veram</em></strong></span> <span class='ocrx_word' id='word_1_25' title='bbox 342 544 454 610; x_wconf 81' lang='lat' dir='ltr'><strong><em>dicant,</em></strong></span> <span class='ocrx_word' id='word_1_26' title='bbox 472 544 594 599; x_wconf 70' lang='lat' dir='ltr'><strong><em>dieentes</em></strong></span> <span class='ocrx_word' id='word_1_27' title='bbox 614 547 690 617; x_wconf 80' lang='lat' dir='ltr'><strong><em>qnod</em></strong></span> <span class='ocrx_word' id='word_1_28' title='bbox 705 565 801 604; x_wconf 85' lang='lat' dir='ltr'><strong><em>omnes</em></strong></span> <span class='ocrx_word' id='word_1_29' title='bbox 815 550 952 607; x_wconf 80' lang='lat' dir='ltr'><strong><em>Homines</em></strong></span> <span class='ocrx_word' id='word_1_30' title='bbox 968 560 1037 610; x_wconf 79' lang='lat' dir='ltr'><strong><em>sarit</em></strong></span> <span class='ocrx_word' id='word_1_31' title='bbox 1088 581 1091 587; x_wconf 93' lang='lat'>·</span> 
     </span>
     <span class='ocr_line' id='line_1_5' title="bbox 66 619 1038 710; baseline 0.011 -25"><span class='ocrx_word' id='word_1_32' title='bbox 66 631 165 686; x_wconf 84' lang='lat' dir='ltr'><strong><em>anius</em></strong></span> <span class='ocrx_word' id='word_1_33' title='bbox 180 633 304 701; x_wconf 70' lang='lat' dir='ltr'><strong><em>aeneris.</em></strong></span> <span class='ocrx_word' id='word_1_34' title='bbox 323 633 383 687; x_wconf 89' lang='lat' dir='ltr'><strong><em>Uno</em></strong></span> <span class='ocrx_word' id='word_1_35' title='bbox 399 633 457 686; x_wconf 90' lang='lat' dir='ltr'><strong><em>solo</em></strong></span> <span class='ocrx_word' id='word_1_36' title='bbox 472 633 487 686; x_wconf 79' lang='grc' dir='ltr'>ὲ</span> <span class='ocrx_word' id='word_1_37' title='bbox 502 633 521 686; x_wconf 88' lang='lat' dir='ltr'><strong><em>il</em></strong></span> <span class='ocrx_word' id='word_1_38' title='bbox 536 619 777 691; x_wconf 84' lang='lat' dir='ltr'><strong><em>eomineiomenlo</em></strong></span> <span class='ocrx_word' id='word_1_39' title='bbox 787 639 862 708; x_wconf 83' lang='lat' dir='ltr'>degli</span> <span class='ocrx_word' id='word_1_40' title='bbox 876 641 1000 710; x_wconf 86' lang='lat' dir='ltr'><strong><em>Uomini,</em></strong></span> <span class='ocrx_word' id='word_1_41' title='bbox 1020 659 1038 696; x_wconf 84' lang='lat' dir='ltr'><strong><em>e</em></strong></span> 
     </span>
     <span class='ocr_line' id='line_1_6' title="bbox 67 720 1036 796; baseline 0.012 -23"><span class='ocrx_word' id='word_1_42' title='bbox 67 720 175 791; x_wconf 87' lang='lat' dir='ltr'><strong><em>quindi</em></strong></span> <span class='ocrx_word' id='word_1_43' title='bbox 192 737 247 776; x_wconf 89' lang='lat' dir='ltr'><strong><em>uno</em></strong></span> <span class='ocrx_word' id='word_1_44' title='bbox 262 721 320 776; x_wconf 90' lang='lat' dir='ltr'><strong><em>solo</em></strong></span> <span class='ocrx_word' id='word_1_45' title='bbox 340 722 359 775; x_wconf 89' lang='lat' dir='ltr'><strong><em>il</em></strong></span> <span class='ocrx_word' id='word_1_46' title='bbox 377 738 495 792; x_wconf 72' lang='lat' dir='ltr'><strong><em>aenere,</em></strong></span> <span class='ocrx_word' id='word_1_47' title='bbox 515 723 559 777; x_wconf 89' lang='lat' dir='ltr'><strong><em>oui</em></strong></span> <span class='ocrx_word' id='word_1_48' title='bbox 580 730 797 796; x_wconf 75' lang='lat' dir='ltr'><strong><em>appartengono.</em></strong></span> <span class='ocrx_word' id='word_1_49' title='bbox 819 729 876 783; x_wconf 85' lang='lat' dir='ltr'><strong><em>Che</em></strong></span> <span class='ocrx_word' id='word_1_50' title='bbox 895 730 1036 785; x_wconf 86' lang='lat' dir='ltr'><strong><em>l&#39;nmana</em></strong></span> 
     </span>
     <span class='ocr_line' id='line_1_7' title="bbox 63 809 1038 890; baseline 0.012 -27"><span class='ocrx_word' id='word_1_51' title='bbox 63 809 270 864; x_wconf 82' lang='lat' dir='ltr'><strong><em>Generaziono</em></strong></span> <span class='ocrx_word' id='word_1_52' title='bbox 287 811 325 864; x_wconf 90' lang='lat' dir='ltr'><strong><em>sia</em></strong></span> <span class='ocrx_word' id='word_1_53' title='bbox 339 812 448 865; x_wconf 83' lang='lat' dir='ltr'><strong><em>diseesa</em></strong></span> <span class='ocrx_word' id='word_1_54' title='bbox 464 811 502 865; x_wconf 86' lang='lat' dir='ltr'><strong><em>da</em></strong></span> <span class='ocrx_word' id='word_1_55' title='bbox 518 813 623 866; x_wconf 82' lang='lat' dir='ltr'><strong><em>diversi</em></strong></span> <span class='ocrx_word' id='word_1_56' title='bbox 636 815 783 886; x_wconf 83' lang='lat' dir='ltr'><strong><em>prineipj,</em></strong></span> <span class='ocrx_word' id='word_1_57' title='bbox 800 834 878 872; x_wconf 89' lang='lat' dir='ltr'><strong><em>come</em></strong></span> <span class='ocrx_word' id='word_1_58' title='bbox 897 820 941 890; x_wconf 72' lang='lat' dir='ltr'><strong><em>gie</em></strong></span> <span class='ocrx_word' id='word_1_59' title='bbox 960 821 981 874; x_wconf 91' lang='lat' dir='ltr'><strong><em>s’</em></strong></span> <span class='ocrx_word' id='word_1_60' title='bbox 993 837 1038 875; x_wconf 88' lang='lat' dir='ltr'><strong><em>av·</em></strong></span> 
     </span>
     <span class='ocr_line' id='line_1_8' title="bbox 66 899 1038 980; baseline 0.013 -29"><span class='ocrx_word' id='word_1_61' title='bbox 66 899 204 954; x_wconf 79' lang='lat' dir='ltr'><strong><em>visorono</em></strong></span> <span class='ocrx_word' id='word_1_62' title='bbox 224 899 316 954; x_wconf 84' lang='lat' dir='ltr'><strong><em>alcuni</em></strong></span> <span class='ocrx_word' id='word_1_63' title='bbox 331 899 434 967; x_wconf 85' lang='lat' dir='ltr'><strong><em>Sofisli,</em></strong></span> <span class='ocrx_word' id='word_1_64' title='bbox 453 901 468 953; x_wconf 78' lang='lat' dir='ltr'><strong><em>e</em></strong></span> <span class='ocrx_word' id='word_1_65' title='bbox 485 901 642 970; x_wconf 80' lang='lat' dir='ltr'><strong><em>salsissimo</em></strong></span> <span class='ocrx_word' id='word_1_66' title='bbox 662 920 738 974; x_wconf 83' lang='lat' dir='ltr'><strong><em>appo</em></strong></span> <span class='ocrx_word' id='word_1_67' title='bbox 758 906 781 958; x_wconf 93' lang='lat' dir='ltr'><strong><em>il</em></strong></span> <span class='ocrx_word' id='word_1_68' title='bbox 799 906 938 978; x_wconf 81' lang='lat' dir='ltr'><strong><em>Filososo,</em></strong></span> <span class='ocrx_word' id='word_1_69' title='bbox 959 925 1038 980; x_wconf 78' lang='lat' dir='ltr'><strong><em>appo</em></strong></span> 
     </span>
     <span class='ocr_line' id='line_1_9' title="bbox 68 986 1036 1066; baseline 0.011 -25"><span class='ocrx_word' id='word_1_70' title='bbox 68 989 100 1042; x_wconf 89' lang='lat' dir='ltr'><strong><em>la</em></strong></span> <span class='ocrx_word' id='word_1_71' title='bbox 117 994 223 1042; x_wconf 84' lang='lat' dir='ltr'><strong><em>nostra</em></strong></span> <span class='ocrx_word' id='word_1_72' title='bbox 238 986 322 1056; x_wconf 74' lang='lat' dir='ltr'><strong><em>Folo,</em></strong></span> <span class='ocrx_word' id='word_1_73' title='bbox 341 991 392 1044; x_wconf 79' lang='lat' dir='ltr'><strong><em>olle</em></strong></span> <span class='ocrx_word' id='word_1_74' title='bbox 404 990 525 1042; x_wconf 88' lang='lat' dir='ltr'><strong><em>menlire</em></strong></span> <span class='ocrx_word' id='word_1_75' title='bbox 538 1007 596 1044; x_wconf 94' lang='lat' dir='ltr'><strong><em>non</em></strong></span> <span class='ocrx_word' id='word_1_76' title='bbox 608 993 685 1062; x_wconf 81' lang='lat' dir='ltr'><strong><em>pao,</em></strong></span> <span class='ocrx_word' id='word_1_77' title='bbox 701 1010 778 1064; x_wconf 84' lang='lat' dir='ltr'><strong><em>appo</em></strong></span> <span class='ocrx_word' id='word_1_78' title='bbox 794 995 824 1049; x_wconf 88' lang='lat' dir='ltr'><strong><em>la</em></strong></span> <span class='ocrx_word' id='word_1_79' title='bbox 839 994 929 1066; x_wconf 73' lang='lat' dir='ltr'><strong><em>Leyae</em></strong></span> <span class='ocrx_word' id='word_1_80' title='bbox 946 1013 960 1050; x_wconf 91' lang='lat' dir='ltr'><strong><em>e</em></strong></span> <span class='ocrx_word' id='word_1_81' title='bbox 975 1014 1036 1052; x_wconf 90' lang='lat' dir='ltr'><strong><em>ore·</em></strong></span> 
     </span>
     <span class='ocr_line' id='line_1_10' title="bbox 67 1077 1037 1158; baseline 0.009 -26"><span class='ocrx_word' id='word_1_82' title='bbox 67 1077 166 1132; x_wconf 82' lang='lat' dir='ltr'><strong><em>denzo</em></strong></span> <span class='ocrx_word' id='word_1_83' title='bbox 179 1078 224 1132; x_wconf 80' lang='lat' dir='ltr'><strong><em>clei</em></strong></span> <span class='ocrx_word' id='word_1_84' title='bbox 237 1078 389 1133; x_wconf 85' lang='lat' dir='ltr'><strong><em>Gentili....</em></strong></span> <span class='ocrx_word' id='word_1_85' title='bbox 399 1077 425 1130; x_wconf 87' lang='lat' dir='ltr'><em>E</em></span> <span class='ocrx_word' id='word_1_86' title='bbox 434 1094 516 1130; x_wconf 84' lang='lat' dir='ltr'><strong><em>senza</em></strong></span> <span class='ocrx_word' id='word_1_87' title='bbox 527 1078 628 1133; x_wconf 85' lang='lat' dir='ltr'><strong><em>dnbbio</em></strong></span> <span class='ocrx_word' id='word_1_88' title='bbox 640 1083 717 1152; x_wconf 72' lang='lat' dir='ltr'><strong><em>forse</em></strong></span> <span class='ocrx_word' id='word_1_89' title='bbox 726 1083 1037 1158; x_wconf 79' lang='lat' dir='ltr'><strong><em>riderebbeAristotile,</em></strong></span> 
     </span>
     <span class='ocr_line' id='line_1_11' title="bbox 66 1167 1035 1242; baseline 0.008 -22"><span class='ocrx_word' id='word_1_90' title='bbox 66 1167 187 1220; x_wconf 78' lang='lat' dir='ltr'><strong><em>sedendo</em></strong></span> <span class='ocrx_word' id='word_1_91' title='bbox 200 1170 264 1238; x_wconf 83' lang='lat' dir='ltr'><strong><em>fare</em></strong></span> <span class='ocrx_word' id='word_1_92' title='bbox 276 1168 331 1222; x_wconf 86' lang='lat' dir='ltr'><strong><em>dne</em></strong></span> <span class='ocrx_word' id='word_1_93' title='bbox 343 1167 434 1238; x_wconf 81' lang='lat' dir='ltr'><strong><em>speeie</em></strong></span> <span class='ocrx_word' id='word_1_94' title='bbox 447 1169 627 1224; x_wconf 84' lang='lat' dir='ltr'><strong><em>dell&#39;nmana</em></strong></span> <span class='ocrx_word' id='word_1_95' title='bbox 643 1170 854 1228; x_wconf 83' lang='lat' dir='ltr'><strong><em>Generazione:</em></strong></span> <span class='ocrx_word' id='word_1_96' title='bbox 871 1173 971 1242; x_wconf 62' lang='lat' dir='ltr'><strong><em>Cone,</em></strong></span> <span class='ocrx_word' id='word_1_97' title='bbox 990 1188 1035 1242; x_wconf 84' lang='lat' dir='ltr'><strong><em>lv,</em></strong></span> 
     </span>
     <span class='ocr_line' id='line_1_12' title="bbox 68 1255 1036 1327; baseline 0.006 -16"><span class='ocrx_word' id='word_1_98' title='bbox 68 1257 118 1313; x_wconf 85' lang='lat'><strong><em>15.</em></strong></span> <span class='ocrx_word' id='word_1_99' title='bbox 133 1258 197 1311; x_wconf 90' lang='lat' dir='ltr'><strong><em>Uno</em></strong></span> <span class='ocrx_word' id='word_1_100' title='bbox 211 1257 269 1311; x_wconf 91' lang='lat' dir='ltr'><strong><em>solo</em></strong></span> <span class='ocrx_word' id='word_1_101' title='bbox 284 1257 299 1310; x_wconf 79' lang='lat' dir='ltr'><strong><em>e</em></strong></span> <span class='ocrx_word' id='word_1_102' title='bbox 314 1257 333 1310; x_wconf 90' lang='lat' dir='ltr'><strong><em>il</em></strong></span> <span class='ocrx_word' id='word_1_103' title='bbox 346 1262 444 1311; x_wconf 86' lang='lat' dir='ltr'><strong><em>nostro</em></strong></span> <span class='ocrx_word' id='word_1_104' title='bbox 461 1255 715 1327; x_wconf 84' lang='lat' dir='ltr'><strong><em>eomineiamento‚</em></strong></span> <span class='ocrx_word' id='word_1_105' title='bbox 733 1277 748 1314; x_wconf 89' lang='lat' dir='ltr'><strong><em>e</em></strong></span> <span class='ocrx_word' id='word_1_106' title='bbox 764 1277 842 1315; x_wconf 89' lang='lat' dir='ltr'><strong><em>come</em></strong></span> <span class='ocrx_word' id='word_1_107' title='bbox 858 1261 975 1317; x_wconf 89' lang='lat' dir='ltr'><strong><em>Uomini</em></strong></span> <span class='ocrx_word' id='word_1_108' title='bbox 990 1261 1036 1318; x_wconf 83' lang='lat' dir='ltr'><strong><em>ab·</em></strong></span> 
     </span>
     <span class='ocr_line' id='line_1_13' title="bbox 66 1343 926 1419; baseline 0.006 -20"><span class='ocrx_word' id='word_1_109' title='bbox 66 1345 148 1400; x_wconf 79' lang='lat' dir='ltr'><strong><em>biam</em></strong></span> <span class='ocrx_word' id='word_1_110' title='bbox 164 1343 278 1418; x_wconf 77' lang='lat' dir='ltr'><strong><em>duaque</em></strong></span> <span class='ocrx_word' id='word_1_111' title='bbox 295 1345 391 1399; x_wconf 81' lang='lat' dir='ltr'><strong><em>sortito</em></strong></span> <span class='ocrx_word' id='word_1_112' title='bbox 406 1361 462 1399; x_wconf 83' lang='lat' dir='ltr'><strong><em>una</em></strong></span> <span class='ocrx_word' id='word_1_113' title='bbox 476 1345 534 1400; x_wconf 82' lang='lat' dir='ltr'><strong><em>sola</em></strong></span> <span class='ocrx_word' id='word_1_114' title='bbox 551 1351 666 1414; x_wconf 82' lang='lat' dir='ltr'><strong><em>natura,</em></strong></span> <span class='ocrx_word' id='word_1_115' title='bbox 683 1364 723 1400; x_wconf 88' lang='lat' dir='ltr'><strong><em>un</em></strong></span> <span class='ocrx_word' id='word_1_116' title='bbox 739 1365 842 1419; x_wconf 69' lang='lat' dir='ltr'><strong><em>yeneno</em></strong></span> <span class='ocrx_word' id='word_1_117' title='bbox 855 1351 926 1405; x_wconf 91' lang='lat' dir='ltr'><strong><em>solo.</em></strong></span> 
     </span>
    </p>

    <p class='ocr_par' dir='ltr' id='par_1_4' title="bbox 68 1433 1111 2574">
     <span class='ocr_line' id='line_1_14' title="bbox 145 1433 1036 1508; baseline 0.009 -22"><span class='ocrx_word' id='word_1_118' title='bbox 145 1433 191 1487; x_wconf 55' lang='lat'><strong><em>311.</em></strong></span> <span class='ocrx_word' id='word_1_119' title='bbox 219 1434 313 1488; x_wconf 88' lang='lat' dir='ltr'><strong><em>Aliter</em></strong></span> <span class='ocrx_word' id='word_1_120' title='bbox 344 1434 443 1488; x_wconf 89' lang='lat' dir='ltr'><strong><em>omnia</em></strong></span> <span class='ocrx_word' id='word_1_121' title='bbox 469 1436 677 1490; x_wconf 81' lang='lat' dir='ltr'><strong><em>reducerentur</em></strong></span> <span class='ocrx_word' id='word_1_122' title='bbox 706 1438 744 1490; x_wconf 83' lang='lat' dir='ltr'><strong><em>ad</em></strong></span> <span class='ocrx_word' id='word_1_123' title='bbox 768 1439 1036 1508; x_wconf 65' lang='lat' dir='ltr'><strong><em>praedicamentum</em></strong></span> 
     </span>
     <span class='ocr_line' id='line_1_15' title="bbox 69 1519 1111 1594; baseline 0.005 -17"><span class='ocrx_word' id='word_1_124' title='bbox 69 1521 249 1577; x_wconf 83' lang='lat' dir='ltr'><strong><em>substantioe:</em></strong></span> <span class='ocrx_word' id='word_1_125' title='bbox 269 1539 356 1593; x_wconf 82' lang='lat' dir='ltr'><strong><em>qaam</em></strong></span> <span class='ocrx_word' id='word_1_126' title='bbox 371 1523 454 1576; x_wconf 88' lang='lat' dir='ltr'><strong><em>nnlla</em></strong></span> <span class='ocrx_word' id='word_1_127' title='bbox 473 1523 660 1576; x_wconf 77' lang='lat' dir='ltr'><strong><em>aceioentolis</em></strong></span> <span class='ocrx_word' id='word_1_128' title='bbox 672 1525 768 1593; x_wconf 72' lang='lat' dir='ltr'><strong><em>forma</em></strong></span> <span class='ocrx_word' id='word_1_129' title='bbox 784 1541 836 1594; x_wconf 87' lang='lat' dir='ltr'><strong><em>per</em></strong></span> <span class='ocrx_word' id='word_1_130' title='bbox 854 1543 883 1580; x_wconf 87' lang='lat' dir='ltr'><strong><em>se</em></strong></span> <span class='ocrx_word' id='word_1_131' title='bbox 903 1527 1035 1582; x_wconf 75' lang='lat' dir='ltr'>subsistat</span> <span class='ocrx_word' id='word_1_132' title='bbox 1109 1519 1111 1524; x_wconf 65' lang='grc'><strong>’</strong></span> 
     </span>
     <span class='ocr_line' id='line_1_16' title="bbox 68 1609 1036 1685; baseline 0.004 -18"><span class='ocrx_word' id='word_1_133' title='bbox 68 1611 178 1684; x_wconf 81' lang='lat' dir='ltr'>absque</span> <span class='ocrx_word' id='word_1_134' title='bbox 196 1612 342 1681; x_wconf 79' lang='lat' dir='ltr'><strong><em>hypostasi</em></strong></span> <span class='ocrx_word' id='word_1_135' title='bbox 360 1609 528 1664; x_wconf 82' lang='lat' dir='ltr'><strong><em>substantiae</em></strong></span> <span class='ocrx_word' id='word_1_136' title='bbox 545 1611 743 1667; x_wconf 82' lang='lat' dir='ltr'><strong><em>subsistentis:</em></strong></span> <span class='ocrx_word' id='word_1_137' title='bbox 764 1614 841 1684; x_wconf 83' lang='lat' dir='ltr'><strong><em>qnod</em></strong></span> <span class='ocrx_word' id='word_1_138' title='bbox 860 1620 900 1668; x_wconf 82' lang='lat' dir='ltr'><strong><em>est</em></strong></span> <span class='ocrx_word' id='word_1_139' title='bbox 913 1617 1036 1685; x_wconf 73' lang='lat' dir='ltr'><strong><em>falsum,</em></strong></span> 
     </span>
     <span class='ocr_line' id='line_1_17' title="bbox 70 1701 1038 1770; baseline 0.006 -16"><span class='ocrx_word' id='word_1_140' title='bbox 70 1701 126 1766; x_wconf 91' lang='lat' dir='ltr'><strong><em>Qui</em></strong></span> <span class='ocrx_word' id='word_1_141' title='bbox 145 1705 221 1754; x_wconf 84' lang='lat' dir='ltr'><strong><em>certo</em></strong></span> <span class='ocrx_word' id='word_1_142' title='bbox 241 1701 329 1754; x_wconf 89' lang='lat' dir='ltr'><strong><em>vuolsi</em></strong></span> <span class='ocrx_word' id='word_1_143' title='bbox 348 1701 509 1769; x_wconf 72' lang='lat' dir='ltr'><strong><em>ostermere,</em></strong></span> <span class='ocrx_word' id='word_1_144' title='bbox 531 1717 621 1753; x_wconf 88' lang='lat' dir='ltr'><strong><em>essere</em></strong></span> <span class='ocrx_word' id='word_1_145' title='bbox 639 1702 743 1770; x_wconf 77' lang='lat' dir='ltr'><strong><em>falsille</em></strong></span> <span class='ocrx_word' id='word_1_146' title='bbox 761 1702 812 1755; x_wconf 89' lang='lat' dir='ltr'><strong><em>che</em></strong></span> <span class='ocrx_word' id='word_1_147' title='bbox 831 1707 902 1757; x_wconf 81' lang='lat' dir='ltr'><strong><em>tutte</em></strong></span> <span class='ocrx_word' id='word_1_148' title='bbox 921 1703 947 1758; x_wconf 90' lang='lat' dir='ltr'><strong><em>le</em></strong></span> <span class='ocrx_word' id='word_1_149' title='bbox 972 1721 1038 1760; x_wconf 85' lang='lat' dir='ltr'><strong><em>cose</em></strong></span> 
     </span>
     <span class='ocr_line' id='line_1_18' title="bbox 70 1790 1037 1863; baseline 0.006 -19"><span class='ocrx_word' id='word_1_150' title='bbox 70 1790 203 1845; x_wconf 83' lang='lat' dir='ltr'><strong><em>debbano</em></strong></span> <span class='ocrx_word' id='word_1_151' title='bbox 226 1790 329 1844; x_wconf 84' lang='lat' dir='ltr'><strong><em>ridursi</em></strong></span> <span class='ocrx_word' id='word_1_152' title='bbox 354 1791 380 1844; x_wconf 85' lang='lat' dir='ltr'><strong><em>al</em></strong></span> <span class='ocrx_word' id='word_1_153' title='bbox 405 1790 612 1860; x_wconf 84' lang='lat' dir='ltr'><strong><em>predicamento</em></strong></span> <span class='ocrx_word' id='word_1_154' title='bbox 639 1791 667 1844; x_wconf 92' lang='lat' dir='ltr'><strong><em>di</em></strong></span> <span class='ocrx_word' id='word_1_155' title='bbox 695 1796 842 1860; x_wconf 76' lang='lat' dir='ltr'><strong><em>sostnnm,</em></strong></span> <span class='ocrx_word' id='word_1_156' title='bbox 870 1793 982 1863; x_wconf 83' lang='lat' dir='ltr'><strong><em>quando</em></strong></span> <span class='ocrx_word' id='word_1_157' title='bbox 1007 1795 1037 1850; x_wconf 89' lang='lat' dir='ltr'><strong><em>le</em></strong></span> 
     </span>
     <span class='ocr_line' id='line_1_19' title="bbox 68 1875 1034 1951; baseline 0.004 -18"><span class='ocrx_word' id='word_1_158' title='bbox 68 1881 166 1948; x_wconf 82' lang='lat' dir='ltr'><strong><em>forme</em></strong></span> <span class='ocrx_word' id='word_1_159' title='bbox 182 1875 356 1934; x_wconf 75' lang='lat' dir='ltr'><strong><em>accidentali</em></strong></span> <span class='ocrx_word' id='word_1_160' title='bbox 376 1896 432 1934; x_wconf 88' lang='lat' dir='ltr'><strong><em>non</em></strong></span> <span class='ocrx_word' id='word_1_161' title='bbox 457 1896 576 1951; x_wconf 86' lang='lat' dir='ltr'><strong><em>possano</em></strong></span> <span class='ocrx_word' id='word_1_162' title='bbox 602 1880 669 1934; x_wconf 75' lang='lat' dir='ltr'><strong><em>dissi</em></strong></span> <span class='ocrx_word' id='word_1_163' title='bbox 693 1885 835 1947; x_wconf 77' lang='lat' dir='ltr'><strong><em>sostanze,</em></strong></span> <span class='ocrx_word' id='word_1_164' title='bbox 855 1880 957 1936; x_wconf 78' lang='lat' dir='ltr'><strong><em>‹lecche</em></strong></span> <span class='ocrx_word' id='word_1_165' title='bbox 975 1899 1034 1937; x_wconf 90' lang='lat' dir='ltr'><strong><em>non</em></strong></span> 
     </span>
     <span class='ocr_line' id='line_1_20' title="bbox 69 1967 1035 2039; baseline 0.004 -18"><span class='ocrx_word' id='word_1_166' title='bbox 69 1967 228 2022; x_wconf 85' lang='lat' dir='ltr'><strong><em>sussistono</em></strong></span> <span class='ocrx_word' id='word_1_167' title='bbox 241 1984 298 2038; x_wconf 79' lang='lat' dir='ltr'><strong><em>per</em></strong></span> <span class='ocrx_word' id='word_1_168' title='bbox 313 1969 341 2021; x_wconf 77' lang='lat' dir='ltr'><strong><em>sl</em></strong></span> <span class='ocrx_word' id='word_1_169' title='bbox 356 1973 453 2031; x_wconf 83' lang='lat' dir='ltr'><strong><em>stesso,</em></strong></span> <span class='ocrx_word' id='word_1_170' title='bbox 473 1985 518 2022; x_wconf 89' lang='lat' dir='ltr'><strong><em>ma</em></strong></span> <span class='ocrx_word' id='word_1_171' title='bbox 534 1984 584 2039; x_wconf 85' lang='lat' dir='ltr'><strong><em>per</em></strong></span> <span class='ocrx_word' id='word_1_172' title='bbox 602 1968 766 2022; x_wconf 87' lang='lat' dir='ltr'><strong><em>l’nnioneo</em></strong></span> <span class='ocrx_word' id='word_1_173' title='bbox 786 1969 929 2022; x_wconf 79' lang='lat' dir='ltr'><strong><em>oderenza</em></strong></span> <span class='ocrx_word' id='word_1_174' title='bbox 948 1987 1035 2026; x_wconf 84' lang='lat' dir='ltr'><strong><em>aune</em></strong></span> 
     </span>
     <span class='ocr_line' id='line_1_21' title="bbox 68 2056 1036 2128; baseline 0.003 -17"><span class='ocrx_word' id='word_1_175' title='bbox 68 2061 206 2111; x_wconf 84' lang='lat' dir='ltr'><strong><em>sostanzo</em></strong></span> <span class='ocrx_word' id='word_1_176' title='bbox 220 2057 392 2112; x_wconf 84' lang='lat' dir='ltr'><strong><em>sassislente.</em></strong></span> <span class='ocrx_word' id='word_1_177' title='bbox 409 2057 432 2110; x_wconf 90' lang='lat' dir='ltr'><strong><em>Il</em></strong></span> <span class='ocrx_word' id='word_1_178' title='bbox 448 2057 549 2128; x_wconf 79' lang='lat' dir='ltr'><strong><em>perche</em></strong></span> <span class='ocrx_word' id='word_1_179' title='bbox 565 2056 611 2111; x_wconf 89' lang='lat' dir='ltr'><strong><em>nel</em></strong></span> <span class='ocrx_word' id='word_1_180' title='bbox 624 2056 739 2128; x_wconf 84' lang='lat' dir='ltr'>periodo</span> <span class='ocrx_word' id='word_1_181' title='bbox 755 2057 871 2126; x_wconf 83' lang='lat' dir='ltr'><strong><em>allegato</em></strong></span> <span class='ocrx_word' id='word_1_182' title='bbox 885 2059 912 2113; x_wconf 88' lang='lat' dir='ltr'><strong><em>la</em></strong></span> <span class='ocrx_word' id='word_1_183' title='bbox 925 2061 1036 2114; x_wconf 85' lang='lat' dir='ltr'><strong><em>conclu-</em></strong></span> 
     </span>
     <span class='ocr_line' id='line_1_22' title="bbox 69 2143 1036 2219; baseline 0.005 -21"><span class='ocrx_word' id='word_1_184' title='bbox 69 2143 166 2211; x_wconf 85' lang='lat' dir='ltr'><strong><em>sione,</em></strong></span> <span class='ocrx_word' id='word_1_185' title='bbox 182 2145 240 2198; x_wconf 75' lang='lat' dir='ltr'><strong><em>cioe</em></strong></span> <span class='ocrx_word' id='word_1_186' title='bbox 259 2163 272 2199; x_wconf 78' lang='lat' dir='ltr'><strong><em>s</em></strong></span> <span class='ocrx_word' id='word_1_187' title='bbox 288 2147 364 2216; x_wconf 79' lang='lat' dir='ltr'><strong><em>qnoot</em></strong></span> <span class='ocrx_word' id='word_1_188' title='bbox 383 2151 423 2198; x_wconf 89' lang='lat' dir='ltr'><strong><em>est</em></strong></span> <span class='ocrx_word' id='word_1_189' title='bbox 441 2147 592 2216; x_wconf 64' lang='lat' dir='ltr'><strong><em>salsam»</em></strong></span> <span class='ocrx_word' id='word_1_190' title='bbox 615 2146 754 2201; x_wconf 82' lang='lat' dir='ltr'><strong><em>dovrebbe</em></strong></span> <span class='ocrx_word' id='word_1_191' title='bbox 774 2163 851 2202; x_wconf 84' lang='lat' dir='ltr'><strong><em>esser</em></strong></span> <span class='ocrx_word' id='word_1_192' title='bbox 866 2153 947 2218; x_wconf 83' lang='lat' dir='ltr'><strong><em>posta</em></strong></span> <span class='ocrx_word' id='word_1_193' title='bbox 962 2149 1036 2219; x_wconf 93' lang='lat' dir='ltr'><strong><em>dopo</em></strong></span> 
     </span>
     <span class='ocr_line' id='line_1_23' title="bbox 70 2234 1036 2306; baseline 0.006 -20"><span class='ocrx_word' id='word_1_194' title='bbox 70 2235 89 2287; x_wconf 90' lang='lat' dir='ltr'><strong><em>il</em></strong></span> <span class='ocrx_word' id='word_1_195' title='bbox 106 2234 198 2304; x_wconf 89' lang='lat' dir='ltr'><strong><em>primo</em></strong></span> <span class='ocrx_word' id='word_1_196' title='bbox 215 2235 340 2288; x_wconf 83' lang='lat' dir='ltr'><strong><em>membro</em></strong></span> <span class='ocrx_word' id='word_1_197' title='bbox 361 2236 477 2288; x_wconf 72' lang='lat' dir='ltr'><strong><em>«aliter</em></strong></span> <span class='ocrx_word' id='word_1_198' title='bbox 498 2237 609 2302; x_wconf 84' lang='lat' dir='ltr'><strong><em>omnia,</em></strong></span> <span class='ocrx_word' id='word_1_199' title='bbox 628 2241 697 2304; x_wconf 78' lang='lat' dir='ltr'><strong><em>ela,</em></strong></span> <span class='ocrx_word' id='word_1_200' title='bbox 719 2255 732 2289; x_wconf 78' lang='lat' dir='ltr'><strong><em>r</em></strong></span> <span class='ocrx_word' id='word_1_201' title='bbox 755 2253 769 2290; x_wconf 94' lang='lat' dir='ltr'><strong><em>e</em></strong></span> <span class='ocrx_word' id='word_1_202' title='bbox 788 2237 856 2290; x_wconf 84' lang='lat' dir='ltr'><strong><em>sarsi</em></strong></span> <span class='ocrx_word' id='word_1_203' title='bbox 875 2239 1036 2306; x_wconf 85' lang='lat' dir='ltr'><strong><em>susseguire</em></strong></span> 
     </span>
     <span class='ocr_line' id='line_1_24' title="bbox 70 2321 1035 2395; baseline 0.004 -19"><span class='ocrx_word' id='word_1_204' title='bbox 70 2321 138 2377; x_wconf 82' lang='lat' dir='ltr'><strong><em>dell’</em></strong></span> <span class='ocrx_word' id='word_1_205' title='bbox 150 2324 220 2376; x_wconf 83' lang='lat' dir='ltr'><strong><em>altro</em></strong></span> <span class='ocrx_word' id='word_1_206' title='bbox 238 2341 252 2376; x_wconf 79' lang='lat' dir='ltr'><strong><em>a</em></strong></span> <span class='ocrx_word' id='word_1_207' title='bbox 268 2339 357 2393; x_wconf 75' lang='lat' dir='ltr'><strong><em>qranm</em></strong></span> <span class='ocrx_word' id='word_1_208' title='bbox 373 2326 473 2390; x_wconf 84' lang='lat' dir='ltr'><strong><em>nollo,</em></strong></span> <span class='ocrx_word' id='word_1_209' title='bbox 489 2330 552 2393; x_wconf 75' lang='lat' dir='ltr'><strong><em>eta,</em></strong></span> <span class='ocrx_word' id='word_1_210' title='bbox 573 2345 585 2379; x_wconf 78' lang='lat' dir='ltr'><strong><em>s</em></strong></span> <span class='ocrx_word' id='word_1_211' title='bbox 603 2324 672 2379; x_wconf 89' lang='lat' dir='ltr'><strong><em>dove</em></strong></span> <span class='ocrx_word' id='word_1_212' title='bbox 686 2330 809 2395; x_wconf 85' lang='lat' dir='ltr'><strong><em>eppunto</em></strong></span> <span class='ocrx_word' id='word_1_213' title='bbox 826 2326 849 2378; x_wconf 92' lang='lat' dir='ltr'><strong><em>si</em></strong></span> <span class='ocrx_word' id='word_1_214' title='bbox 865 2327 992 2380; x_wconf 85' lang='lat' dir='ltr'><strong><em>contiene</em></strong></span> <span class='ocrx_word' id='word_1_215' title='bbox 1008 2327 1035 2380; x_wconf 86' lang='lat' dir='ltr'><strong><em>la</em></strong></span> 
     </span>
     <span class='ocr_line' id='line_1_25' title="bbox 73 2411 1034 2484; baseline 0.004 -20"><span class='ocrx_word' id='word_1_216' title='bbox 73 2411 190 2482; x_wconf 81' lang='lat' dir='ltr'><strong><em>ragione</em></strong></span> <span class='ocrx_word' id='word_1_217' title='bbox 209 2413 311 2482; x_wconf 80' lang='lat' dir='ltr'><strong><em>perche</em></strong></span> <span class='ocrx_word' id='word_1_218' title='bbox 330 2413 370 2466; x_wconf 86' lang='lat' dir='ltr'><strong><em>sia</em></strong></span> <span class='ocrx_word' id='word_1_219' title='bbox 388 2412 471 2481; x_wconf 70' lang='lat' dir='ltr'><strong><em>falso,</em></strong></span> <span class='ocrx_word' id='word_1_220' title='bbox 491 2414 541 2468; x_wconf 88' lang='lat' dir='ltr'><strong><em>che</em></strong></span> <span class='ocrx_word' id='word_1_221' title='bbox 557 2413 660 2468; x_wconf 86' lang='lat' dir='ltr'><strong><em>lecese</em></strong></span> <span class='ocrx_word' id='word_1_222' title='bbox 679 2418 749 2468; x_wconf 83' lang='lat' dir='ltr'><strong><em>tutte</em></strong></span> <span class='ocrx_word' id='word_1_223' title='bbox 769 2413 846 2466; x_wconf 84' lang='lat' dir='ltr'><strong><em>siano</em></strong></span> <span class='ocrx_word' id='word_1_224' title='bbox 862 2413 895 2468; x_wconf 85' lang='lat' dir='ltr'><strong><em>da</em></strong></span> <span class='ocrx_word' id='word_1_225' title='bbox 911 2415 1034 2484; x_wconf 84' lang='lat' dir='ltr'><strong><em>risguar·</em></strong></span> 
     </span>
     <span class='ocr_line' id='line_1_26' title="bbox 72 2501 851 2574; baseline 0 -18"><span class='ocrx_word' id='word_1_226' title='bbox 72 2501 149 2556; x_wconf 79' lang='lat' dir='ltr'><strong><em>dorsi</em></strong></span> <span class='ocrx_word' id='word_1_227' title='bbox 165 2503 284 2556; x_wconf 83' lang='lat' dir='ltr'><strong><em>soltanto</em></strong></span> <span class='ocrx_word' id='word_1_228' title='bbox 299 2518 377 2556; x_wconf 84' lang='lat' dir='ltr'><strong><em>come</em></strong></span> <span class='ocrx_word' id='word_1_229' title='bbox 393 2509 520 2556; x_wconf 83' lang='lat' dir='ltr'><strong><em>soslanze</em></strong></span> <span class='ocrx_word' id='word_1_230' title='bbox 535 2520 550 2556; x_wconf 96' lang='lat' dir='ltr'><strong><em>o</em></strong></span> <span class='ocrx_word' id='word_1_231' title='bbox 564 2505 660 2574; x_wconf 73' lang='lat' dir='ltr'><strong><em>forme</em></strong></span> <span class='ocrx_word' id='word_1_232' title='bbox 673 2503 851 2556; x_wconf 82' lang='lat' dir='ltr'><strong><em>sostnnziali.</em></strong></span> 
     </span>
    </p>

    <p class='ocr_par' dir='ltr' id='par_1_5' title="bbox 73 2589 1035 3023">
     <span class='ocr_line' id='line_1_27' title="bbox 146 2589 1033 2661; baseline 0.002 -17"><span class='ocrx_word' id='word_1_233' title='bbox 146 2589 189 2644; x_wconf 84' lang='lat'><strong><em>34.</em></strong></span> <span class='ocrx_word' id='word_1_234' title='bbox 210 2591 291 2656; x_wconf 83' lang='lat' dir='ltr'><strong><em>Qnod</em></strong></span> <span class='ocrx_word' id='word_1_235' title='bbox 306 2597 345 2644; x_wconf 88' lang='lat' dir='ltr'><strong><em>est</em></strong></span> <span class='ocrx_word' id='word_1_236' title='bbox 359 2593 477 2661; x_wconf 83' lang='lat' dir='ltr'><strong><em>salsam.</em></strong></span> <span class='ocrx_word' id='word_1_237' title='bbox 495 2592 551 2645; x_wconf 85' lang='lat' dir='ltr'><strong><em>Che</em></strong></span> <span class='ocrx_word' id='word_1_238' title='bbox 571 2596 642 2646; x_wconf 82' lang='lat' dir='ltr'><strong><em>tutte</em></strong></span> <span class='ocrx_word' id='word_1_239' title='bbox 661 2593 686 2646; x_wconf 91' lang='lat' dir='ltr'><strong><em>le</em></strong></span> <span class='ocrx_word' id='word_1_240' title='bbox 704 2608 764 2645; x_wconf 87' lang='lat' dir='ltr'><strong><em>cose</em></strong></span> <span class='ocrx_word' id='word_1_241' title='bbox 783 2592 908 2645; x_wconf 86' lang='lat' dir='ltr'><strong><em>debbano</em></strong></span> <span class='ocrx_word' id='word_1_242' title='bbox 928 2592 1033 2646; x_wconf 85' lang='lat' dir='ltr'><strong><em>ridursi</em></strong></span> 
     </span>
     <span class='ocr_line' id='line_1_28' title="bbox 73 2679 1035 2751; baseline 0.003 -20"><span class='ocrx_word' id='word_1_243' title='bbox 73 2681 100 2734; x_wconf 82' lang='lat' dir='ltr'><strong><em>al</em></strong></span> <span class='ocrx_word' id='word_1_244' title='bbox 115 2680 325 2751; x_wconf 82' lang='lat' dir='ltr'><strong><em>predicamento</em></strong></span> <span class='ocrx_word' id='word_1_245' title='bbox 341 2681 368 2734; x_wconf 90' lang='lat' dir='ltr'><strong><em>di</em></strong></span> <span class='ocrx_word' id='word_1_246' title='bbox 386 2687 533 2750; x_wconf 80' lang='lat' dir='ltr'><strong><em>soslanza,</em></strong></span> <span class='ocrx_word' id='word_1_247' title='bbox 551 2682 604 2750; x_wconf 82' lang='lat' dir='ltr'><strong><em>egli</em></strong></span> <span class='ocrx_word' id='word_1_248' title='bbox 624 2683 638 2735; x_wconf 77' lang='lat' dir='ltr'><strong><em>e</em></strong></span> <span class='ocrx_word' id='word_1_249' title='bbox 658 2681 741 2748; x_wconf 85' lang='lat' dir='ltr'><strong><em>sals0‚</em></strong></span> <span class='ocrx_word' id='word_1_250' title='bbox 760 2680 863 2734; x_wconf 79' lang='lat' dir='ltr'><strong><em>dacche</em></strong></span> <span class='ocrx_word' id='word_1_251' title='bbox 877 2681 904 2733; x_wconf 81' lang='lat' dir='ltr'><strong><em>vi</em></strong></span> <span class='ocrx_word' id='word_1_252' title='bbox 924 2697 991 2734; x_wconf 91' lang='lat' dir='ltr'><strong><em>sono</em></strong></span> <span class='ocrx_word' id='word_1_253' title='bbox 1007 2679 1035 2734; x_wconf 87' lang='lat' dir='ltr'><strong><em>le</em></strong></span> 
     </span>
     <span class='ocr_line' id='line_1_29' title="bbox 74 2769 1033 2842; baseline -0.003 -17"><span class='ocrx_word' id='word_1_254' title='bbox 74 2769 189 2842; x_wconf 79' lang='lat' dir='ltr'><strong><em>qnalilei</em></strong></span> <span class='ocrx_word' id='word_1_255' title='bbox 204 2787 219 2824; x_wconf 93' lang='lat' dir='ltr'><strong><em>o</em></strong></span> <span class='ocrx_word' id='word_1_256' title='bbox 233 2774 328 2842; x_wconf 78' lang='lat' dir='ltr'><strong><em>formo</em></strong></span> <span class='ocrx_word' id='word_1_257' title='bbox 346 2770 532 2838; x_wconf 81' lang='lat' dir='ltr'><strong><em>occidentali,</em></strong></span> <span class='ocrx_word' id='word_1_258' title='bbox 549 2770 599 2824; x_wconf 85' lang='lat' dir='ltr'><strong><em>che</em></strong></span> <span class='ocrx_word' id='word_1_259' title='bbox 618 2786 673 2840; x_wconf 85' lang='lat' dir='ltr'><strong><em>pur</em></strong></span> <span class='ocrx_word' id='word_1_260' title='bbox 691 2785 748 2824; x_wconf 90' lang='lat' dir='ltr'><strong><em>non</em></strong></span> <span class='ocrx_word' id='word_1_261' title='bbox 763 2770 917 2824; x_wconf 85' lang='lat' dir='ltr'><strong><em>sassislono</em></strong></span> <span class='ocrx_word' id='word_1_262' title='bbox 938 2769 972 2823; x_wconf 84' lang='lat' dir='ltr'><strong><em>da</em></strong></span> <span class='ocrx_word' id='word_1_263' title='bbox 987 2770 1033 2837; x_wconf 77' lang='lat' dir='ltr'><strong><em>se,</em></strong></span> 
     </span>
     <span class='ocr_line' id='line_1_30' title="bbox 73 2859 1034 2931; baseline -0.003 -14"><span class='ocrx_word' id='word_1_264' title='bbox 73 2878 132 2917; x_wconf 87' lang='lat' dir='ltr'><strong><em>non</em></strong></span> <span class='ocrx_word' id='word_1_265' title='bbox 156 2877 224 2916; x_wconf 89' lang='lat' dir='ltr'><strong><em>sono</em></strong></span> <span class='ocrx_word' id='word_1_266' title='bbox 247 2868 389 2931; x_wconf 76' lang='lat' dir='ltr'><strong><em>soslanee,</em></strong></span> <span class='ocrx_word' id='word_1_267' title='bbox 409 2877 455 2914; x_wconf 86' lang='lat' dir='ltr'><strong><em>ma</em></strong></span> <span class='ocrx_word' id='word_1_268' title='bbox 474 2861 566 2915; x_wconf 81' lang='lat' dir='ltr'><strong><em>hanno</em></strong></span> <span class='ocrx_word' id='word_1_269' title='bbox 586 2859 697 2931; x_wconf 89' lang='lat' dir='ltr'><strong><em>d’uopo</em></strong></span> <span class='ocrx_word' id='word_1_270' title='bbox 717 2859 810 2915; x_wconf 87' lang='lat' dir='ltr'><strong><em>d&#39;una</em></strong></span> <span class='ocrx_word' id='word_1_271' title='bbox 825 2865 971 2926; x_wconf 74' lang='lat' dir='ltr'><strong><em>sostenen,</em></strong></span> <span class='ocrx_word' id='word_1_272' title='bbox 990 2860 1034 2916; x_wconf 88' lang='lat' dir='ltr'><strong><em>cui</em></strong></span> 
     </span>
     <span class='ocr_line' id='line_1_31' title="bbox 73 2949 505 3023; baseline -0.005 -17"><span class='ocrx_word' id='word_1_273' title='bbox 73 2967 195 3023; x_wconf 83' lang='lat' dir='ltr'><strong><em>possano</em></strong></span> <span class='ocrx_word' id='word_1_274' title='bbox 212 2951 358 3005; x_wconf 85' lang='lat' dir='ltr'><strong><em>convenire</em></strong></span> <span class='ocrx_word' id='word_1_275' title='bbox 375 2967 389 3005; x_wconf 93' lang='lat' dir='ltr'><strong><em>e</em></strong></span> <span class='ocrx_word' id='word_1_276' title='bbox 405 2949 505 3004; x_wconf 77' lang='lat' dir='ltr'><strong><em>unissi.</em></strong></span> 
     </span>
    </p>

    <p class='ocr_par' dir='ltr' id='par_1_6' title="bbox 74 3039 1036 3652">
     <span class='ocr_line' id='line_1_32' title="bbox 145 3039 1034 3112; baseline 0 -20"><span class='ocrx_word' id='word_1_277' title='bbox 145 3041 190 3094; x_wconf 83' lang='lat'><strong><em>47.</em></strong></span> <span class='ocrx_word' id='word_1_278' title='bbox 208 3041 244 3095; x_wconf 90' lang='lat' dir='ltr'><strong><em>In</em></strong></span> <span class='ocrx_word' id='word_1_279' title='bbox 260 3046 402 3112; x_wconf 78' lang='lat' dir='ltr'><strong><em>qnoniam</em></strong></span> <span class='ocrx_word' id='word_1_280' title='bbox 420 3057 485 3095; x_wconf 88' lang='lat' dir='ltr'><strong><em>aero</em></strong></span> <span class='ocrx_word' id='word_1_281' title='bbox 501 3044 568 3094; x_wconf 84' lang='lat' dir='ltr'><strong><em>sant</em></strong></span> <span class='ocrx_word' id='word_1_282' title='bbox 583 3039 706 3094; x_wconf 87' lang='lat' dir='ltr'><strong><em>relativa</em></strong></span> <span class='ocrx_word' id='word_1_283' title='bbox 721 3039 872 3109; x_wconf 76' lang='lat' dir='ltr'><strong><em>qnaeelom,</em></strong></span> <span class='ocrx_word' id='word_1_284' title='bbox 889 3044 921 3093; x_wconf 89' lang='lat' dir='ltr'><strong><em>nt</em></strong></span> <span class='ocrx_word' id='word_1_285' title='bbox 937 3042 1034 3108; x_wconf 83' lang='lat' dir='ltr'><strong><em>patet,</em></strong></span> 
     </span>
     <span class='ocr_line' id='line_1_33' title="bbox 74 3128 1035 3198; baseline -0.005 -13"><span class='ocrx_word' id='word_1_286' title='bbox 74 3129 240 3185; x_wconf 87' lang='lat' dir='ltr'><strong><em>reclnoemla</em></strong></span> <span class='ocrx_word' id='word_1_287' title='bbox 253 3135 319 3184; x_wconf 76' lang='lat' dir='ltr'><strong><em>sarit</em></strong></span> <span class='ocrx_word' id='word_1_288' title='bbox 335 3133 377 3184; x_wconf 86' lang='lat' dir='ltr'><strong><em>rel</em></strong></span> <span class='ocrx_word' id='word_1_289' title='bbox 391 3131 429 3184; x_wconf 86' lang='lat' dir='ltr'><strong><em>ad</em></strong></span> <span class='ocrx_word' id='word_1_290' title='bbox 443 3130 577 3198; x_wconf 84' lang='lat' dir='ltr'><strong><em>invicem,</em></strong></span> <span class='ocrx_word' id='word_1_291' title='bbox 593 3130 618 3184; x_wconf 88' lang='lat' dir='ltr'><strong><em>si</em></strong></span> <span class='ocrx_word' id='word_1_292' title='bbox 631 3131 757 3184; x_wconf 83' lang='lat' dir='ltr'><strong><em>allorum</em></strong></span> <span class='ocrx_word' id='word_1_293' title='bbox 770 3128 980 3182; x_wconf 83' lang='lat' dir='ltr'><strong><em>subalternalur</em></strong></span> <span class='ocrx_word' id='word_1_294' title='bbox 992 3128 1035 3181; x_wconf 88' lang='lat' dir='ltr'><strong><em>ol·</em></strong></span> 
     </span>
     <span class='ocr_line' id='line_1_34' title="bbox 75 3216 1036 3290; baseline -0.002 -16"><span class='ocrx_word' id='word_1_295' title='bbox 75 3219 146 3286; x_wconf 83' lang='lat' dir='ltr'><strong><em>teri,</em></strong></span> <span class='ocrx_word' id='word_1_296' title='bbox 158 3219 200 3272; x_wconf 87' lang='lat' dir='ltr'><strong><em>ael</em></strong></span> <span class='ocrx_word' id='word_1_297' title='bbox 211 3219 242 3273; x_wconf 88' lang='lat' dir='ltr'><strong><em>in</em></strong></span> <span class='ocrx_word' id='word_1_298' title='bbox 253 3219 343 3290; x_wconf 78' lang='lat' dir='ltr'><strong><em>speeie</em></strong></span> <span class='ocrx_word' id='word_1_299' title='bbox 352 3219 567 3273; x_wconf 81' lang='lat' dir='ltr'><strong><em>communicant</em></strong></span> <span class='ocrx_word' id='word_1_300' title='bbox 576 3234 632 3288; x_wconf 80' lang='lat' dir='ltr'><strong><em>per</em></strong></span> <span class='ocrx_word' id='word_1_301' title='bbox 643 3221 784 3272; x_wconf 88' lang='lat' dir='ltr'><strong><em>natnram</em></strong></span> <span class='ocrx_word' id='word_1_302' title='bbox 795 3216 955 3270; x_wconf 72' lang='lat' dir='ltr'><strong><em>relationis.</em></strong></span> <span class='ocrx_word' id='word_1_303' title='bbox 967 3217 1036 3272; x_wconf 81' lang='lat' dir='ltr'><strong><em>Vale</em></strong></span> 
     </span>
     <span class='ocr_line' id='line_1_35' title="bbox 75 3307 1034 3382; baseline -0.004 -16"><span class='ocrx_word' id='word_1_304' title='bbox 75 3327 91 3366; x_wconf 83' lang='lat' dir='ltr'><strong>a</strong></span> <span class='ocrx_word' id='word_1_305' title='bbox 106 3311 179 3380; x_wconf 86' lang='lat' dir='ltr'><strong><em>dire,</em></strong></span> <span class='ocrx_word' id='word_1_306' title='bbox 195 3311 214 3364; x_wconf 88' lang='lat' dir='ltr'><strong><em>il</em></strong></span> <span class='ocrx_word' id='word_1_307' title='bbox 231 3312 392 3366; x_wconf 79' lang='lat' dir='ltr'><strong><em>pontificato</em></strong></span> <span class='ocrx_word' id='word_1_308' title='bbox 408 3329 422 3366; x_wconf 94' lang='lat' dir='ltr'><strong><em>e</em></strong></span> <span class='ocrx_word' id='word_1_309' title='bbox 442 3311 459 3364; x_wconf 85' lang='lat' dir='ltr'><strong><em>l&#39;</em></strong></span> <span class='ocrx_word' id='word_1_310' title='bbox 473 3310 636 3381; x_wconf 82' lang='lat' dir='ltr'><strong><em>Imperialo,</em></strong></span> <span class='ocrx_word' id='word_1_311' title='bbox 653 3310 682 3364; x_wconf 89' lang='lat' dir='ltr'><strong><em>in</em></strong></span> <span class='ocrx_word' id='word_1_312' title='bbox 697 3313 801 3382; x_wconf 84' lang='lat' dir='ltr'><strong><em>quanto</em></strong></span> <span class='ocrx_word' id='word_1_313' title='bbox 817 3324 885 3364; x_wconf 89' lang='lat' dir='ltr'><strong><em>sono</em></strong></span> <span class='ocrx_word' id='word_1_314' title='bbox 900 3307 1034 3377; x_wconf 77' lang='lat' dir='ltr'><strong><em>relativi,</em></strong></span> 
     </span>
     <span class='ocr_line' id='line_1_36' title="bbox 74 3397 1033 3474; baseline -0.004 -18"><span class='ocrx_word' id='word_1_315' title='bbox 74 3402 206 3456; x_wconf 84' lang='lat' dir='ltr'><strong><em>restando</em></strong></span> <span class='ocrx_word' id='word_1_316' title='bbox 219 3402 355 3474; x_wconf 88' lang='lat' dir='ltr'><strong><em>compresi</em></strong></span> <span class='ocrx_word' id='word_1_317' title='bbox 368 3407 439 3456; x_wconf 85' lang='lat' dir='ltr'><strong><em>sotto</em></strong></span> <span class='ocrx_word' id='word_1_318' title='bbox 454 3401 473 3454; x_wconf 89' lang='lat' dir='ltr'><strong><em>il</em></strong></span> <span class='ocrx_word' id='word_1_319' title='bbox 488 3399 627 3471; x_wconf 82' lang='lat' dir='ltr'><strong><em>predicato</em></strong></span> <span class='ocrx_word' id='word_1_320' title='bbox 642 3399 671 3452; x_wconf 91' lang='lat' dir='ltr'><strong><em>di</em></strong></span> <span class='ocrx_word' id='word_1_321' title='bbox 685 3399 842 3466; x_wconf 86' lang='lat' dir='ltr'><strong><em>relazione,</em></strong></span> <span class='ocrx_word' id='word_1_322' title='bbox 861 3397 1033 3452; x_wconf 88' lang='lat' dir='ltr'><strong><em>dovrebbero</em></strong></span> 
     </span>
     <span class='ocr_line' id='line_1_37' title="bbox 75 3486 1033 3561; baseline -0.005 -16"><span class='ocrx_word' id='word_1_323' title='bbox 75 3490 179 3546; x_wconf 86' lang='lat' dir='ltr'><strong><em>ridursi</em></strong></span> <span class='ocrx_word' id='word_1_324' title='bbox 196 3489 214 3542; x_wconf 90' lang='lat' dir='ltr'><strong><em>l’</em></strong></span> <span class='ocrx_word' id='word_1_325' title='bbox 226 3506 280 3544; x_wconf 89' lang='lat' dir='ltr'><strong><em>uno</em></strong></span> <span class='ocrx_word' id='word_1_326' title='bbox 300 3491 345 3544; x_wconf 85' lang='lat' dir='ltr'><strong><em>ell‘</em></strong></span> <span class='ocrx_word' id='word_1_327' title='bbox 354 3491 439 3558; x_wconf 79' lang='lat' dir='ltr'><strong><em>altro,</em></strong></span> <span class='ocrx_word' id='word_1_328' title='bbox 462 3489 578 3561; x_wconf 83' lang='lat' dir='ltr'><strong><em>qualora</em></strong></span> <span class='ocrx_word' id='word_1_329' title='bbox 597 3493 707 3560; x_wconf 81' lang='lat' dir='ltr'><strong><em>potesse</em></strong></span> <span class='ocrx_word' id='word_1_330' title='bbox 725 3488 793 3542; x_wconf 90' lang='lat' dir='ltr'><strong><em>l’un</em></strong></span> <span class='ocrx_word' id='word_1_331' title='bbox 812 3486 970 3557; x_wconf 83' lang='lat' dir='ltr'><strong><em>soggiecere</em></strong></span> <span class='ocrx_word' id='word_1_332' title='bbox 994 3487 1033 3540; x_wconf 89' lang='lat' dir='ltr'><strong><em>al·</em></strong></span> 
     </span>
     <span class='ocr_line' id='line_1_38' title="bbox 75 3574 1034 3652; baseline -0.004 -16"><span class='ocrx_word' id='word_1_333' title='bbox 75 3580 93 3636; x_wconf 87' lang='lat' dir='ltr'><strong><em>l’</em></strong></span> <span class='ocrx_word' id='word_1_334' title='bbox 104 3581 175 3637; x_wconf 83' lang='lat' dir='ltr'><strong><em>altro</em></strong></span> <span class='ocrx_word' id='word_1_335' title='bbox 192 3596 242 3652; x_wconf 84' lang='lat' dir='ltr'><strong><em>per</em></strong></span> <span class='ocrx_word' id='word_1_336' title='bbox 257 3581 374 3638; x_wconf 86' lang='lat' dir='ltr'><strong><em>alterno</em></strong></span> <span class='ocrx_word' id='word_1_337' title='bbox 386 3577 513 3650; x_wconf 80' lang='lat' dir='ltr'><strong><em>visenda,</em></strong></span> <span class='ocrx_word' id='word_1_338' title='bbox 529 3593 607 3635; x_wconf 85' lang='lat' dir='ltr'><strong><em>come</em></strong></span> <span class='ocrx_word' id='word_1_339' title='bbox 622 3577 676 3634; x_wconf 87' lang='lat' dir='ltr'><strong><em>due</em></strong></span> <span class='ocrx_word' id='word_1_340' title='bbox 689 3576 756 3650; x_wconf 82' lang='lat' dir='ltr'><strong><em>Capi</em></strong></span> <span class='ocrx_word' id='word_1_341' title='bbox 771 3576 859 3634; x_wconf 83' lang='lat' dir='ltr'><strong><em>chesi</em></strong></span> <span class='ocrx_word' id='word_1_342' title='bbox 874 3574 1034 3633; x_wconf 85' lang='lat' dir='ltr'><strong><em>scambiano</em></strong></span> 
     </span>
    </p>
   </div>
   <div class='ocr_carea' id='block_1_3' title="bbox 0 0 1297 4052">
    <p class='ocr_par' dir='ltr' id='par_1_7' title="bbox 0 0 1297 4052">
     <span class='ocr_line' id='line_1_39' title="bbox 0 0 1297 4052; baseline 0 0"><span class='ocrx_word' id='word_1_343' title='bbox 0 0 1297 4052; x_wconf 95' lang='lat' dir='ltr'><strong><em> </em></strong></span> 
     </span>
    </p>
   </div>
  </div>
 </body>
</html>
