2560 4022
226 161 262 218 56
500 172 538 214 on
555 171 681 215 runcum
699 173 890 224 suouunuru.

224 307 327 366 autem
345 305 452 365 modus
470 302 642 363 &murrum
659 300 694 361 sit
713 300 793 375 talis,
816 305 849 361 ut
866 300 1053 379 dictumest,
1071 306 1160 384 pluri·

178 423 203 468 u
224 411 280 472 hus
297 415 397 488 potest
406 391 571 472 rationibus
588 406 732 484 indagari.
742 407 844 468 Prima
857 406 980 484 quidem
994 409 1076 486 quia,
1088 429 1160 474 curn

122 563 123 568 η
223 517 363 596 quicquid
386 516 590 579 versificamur
615 513 653 575 sit
666 513 794 592 Contio,
824 514 895 574 solae
923 513 1077 576 cantiones
1100 517 1159 580 hoc

222 627 402 687 vocabulum
418 621 474 685 sibi
491 621 603 684 sortitae
620 625 708 681 sunt:
724 619 804 696 quod
821 638 979 696 nunquam
995 619 1059 682 sinc
1077 627 1160 685 vetu-

223 735 271 792 sta
286 729 456 810 provisione
473 728 629 807 processit.
645 727 766 800 Adhuc,
785 726 924 805 quicquid
937 746 992 806 per
1008 747 1041 790 se
1057 731 1160 809 ipsum

224 837 314 898 elficit
328 838 414 912 illud,
432 838 471 898 ad
488 837 569 914 quod
586 835 700 897 factum
717 839 778 909 est,
795 835 923 896 nobilius
942 855 1010 898 csso
1025 837 1158 914 videtur,

174 956 202 1002 πο
222 961 315 1020 quarn
332 943 412 1018 quod
429 941 599 1002 extrinseco
612 940 736 1018 indigct3
759 940 813 1002 scd
827 941 978 1002 Curationes
994 961 1049 1022 per
1065 963 1099 1005 se
1116 949 1158 1007 to

222 1056 288 1111 tum
305 1049 385 1126 quod
403 1049 528 1121 debent,
551 1046 697 1119 efficiunt,
717 1047 798 1124 quod
820 1048 944 1108 Baltatoe
964 1067 1026 1110 non
1043 1049 1158 1112 iaciunt

223 1155 368 1233 (indigent
384 1156 466 1216 enim
482 1154 688 1233 plausoribus,
706 1156 744 1215 ad
766 1173 842 1232 quos
860 1155 945 1216 editae
963 1158 1064 1233 sunt):
1087 1179 1159 1239 ergo

222 1261 375 1322 Ouottooco
389 1261 549 1323 nobiliores
566 1263 691 1322 Baltutis
712 1250 781 1323 csse
800 1263 935 1342 sequitur
949 1263 1157 1341 aestimandas,

222 1373 252 1429 et
267 1386 322 1444 per
344 1381 533 1444 consequens
556 1361 778 1426 nobilissimum
799 1365 927 1426 aliorum
948 1379 1019 1427 esso¹
1032 1369 1158 1430 modum
1188 1439 1191 1444 ¹

174 1485 201 1530 ro
219 1469 353 1530 illarum:
371 1487 441 1529 cum
457 1487 548 1529 nemo
566 1467 694 1540 dubitet,
713 1467 784 1545 quin
800 1469 925 1529 Ballatoe
939 1471 1057 1533 Sonttm
1073 1475 1156 1536 nobi-

220 1575 303 1637 litate
323 1575 406 1636 modi
426 1574 582 1636 excellant.
609 1575 760 1636 Praetorea
783 1575 834 1636 illa
859 1576 997 1639 videntur
1012 1581 1158 1644 nobiliora

222 1704 302 1757 asse,
327 1703 394 1762 quae
421 1681 566 1744 conditori
588 1699 642 1741 suo
669 1680 765 1757 magis
788 1679 909 1740 honoris
931 1681 1080 1745 afferunt:
1102 1685 1157 1746 scd

221 1789 371 1850 θαηιίοησε
400 1787 496 1867 magis
524 1786 647 1848 honoris
680 1787 809 1846 afferunt
841 1785 903 1847 suis
936 1789 1156 1866 conditoribus

220 1915 312 1974 quam
326 1898 463 1956 Bataua·
480 1914 550 1971 crgo
567 1891 728 1953 nobiliores
747 1895 830 1964 sunt,
847 1895 876 1952 et
893 1909 948 1968 per
966 1911 1157 1972 consequens

172 2010 199 2054 50
219 1999 327 2059 modus
346 2017 452 2059 aarum
468 1996 671 2058 nobilissimus
687 1995 824 2056 aliorum.
841 1996 1003 2074 Praeterea‚
1020 2021 1087 2078 quac
1104 2023 1158 2066 no-

221 2103 367 2163 bilissima
378 2105 458 2174 sunt,
467 2098 622 2160 carissime
636 2106 867 2178 consecrantum
879 2106 933 2164 sed
947 2105 1024 2168 inter
1037 2127 1074 2169 ea
1087 2129 1157 2188 quae

222 2213 344 2270 cantata
374 2211 462 2280 sunt,
493 2205 647 2293 Canticos
676 2205 831 2268 carissime
861 2217 1091 2289 conservantur,
1123 2223 1157 2278 ut

220 2318 337 2378 constat
358 2297 544 2374 visitantibus
565 2311 674 2373 libros:
695 2332 765 2390 ergo
788 2315 940 2378 Ounttcma
962 2319 1155 2384 nobilissima

219 2427 304 2496 sunt,
319 2429 350 2484 et
366 2441 421 2500 per
437 2439 625 2498 consequens
639 2421 747 2484 modus
762 2441 867 2488 earum
880 2425 1083 2490 nobilissimus
1099 2435 1154 2491 est.

172 2531 198 2575 3⁵
219 2526 326 2588 Adhuc
342 2527 374 2587 in
390 2525 551 2587 artificialis
569 2525 641 2586 illud
655 2534 702 2588 est
715 2528 949 2606 nobilissimum,
962 2534 1044 2610 quod
1059 2538 1155 2598 totam

218 2636 446 2716 comprehendit
461 2641 577 2698 artem:
595 2655 665 2698 cum
682 2658 752 2718 crgo
769 2659 819 2714 ca,
837 2659 904 2720 quae
921 2647 1093 2718 cantantur,
1108 2666 1154 2708 ar·

217 2741 339 2802 titiciata
355 2741 502 2816 existant,
524 2748 554 2802 et
573 2741 605 2802 in
627 2743 698 2806 solis
720 2744 908 2807 contionibus
924 2767 974 2809 ars
991 2753 1056 2811 tota
1072 2769 1153 2813 com-

216 2843 432 2921 prehendatur,
452 2845 603 2905 Gunttoncs
619 2845 812 2908 nobilissimas
828 2855 911 2926 sunt,
934 2859 964 2914 et
980 2853 1024 2915 sic
1040 2857 1151 2919 modus
1271 2909 1272 2914 ,

217 2969 322 3016 carum
342 2951 544 3014 nobilissimus
561 2951 697 3014 aliorum.
715 2954 803 3028 Quod
824 2963 927 3020 autem
940 2965 1004 3022 tota
1017 2980 1153 3043 compre

168 3064 197 3109 40
215 3055 365 3148 hendatur
384 3058 415 3118 in
436 3058 621 3120 coctionibus
644 3079 695 3120 ars
719 3064 859 3126 cantandi
880 3065 1009 3143 poetice,
1034 3069 1066 3130 in
1093 3070 1151 3133 hoc

215 3169 311 3243 patet,
328 3166 410 3242 quod
430 3167 568 3245 quicquid
590 3169 664 3230 artis
686 3171 846 3250 reperitur,
865 3175 898 3235 in
917 3176 991 3255 ipsis
1011 3183 1071 3253 est,
1096 3182 1152 3242 scd

214 3289 276 3336 non
293 3268 475 3332 convertitur
492 3273 559 3334 hoc.
580 3274 707 3354 Signum
727 3281 830 3340 autem
849 3279 970 3357 horum,
994 3302 1061 3361 quae
1083 3286 1152 3348 dici·

216 3394 297 3450 mus,
315 3380 490 3455 promptum
509 3377 540 3438 in
563 3387 726 3460 conspectu
752 3384 898 3448 habetur:
916 3407 988 3450 nam
1008 3391 1152 3470 quicquid
1271 3399 1272 3450 1

216 3483 252 3544 de
269 3481 474 3546 cacuminibus
488 3483 648 3546 illustrium
662 3485 794 3565 capitum
808 3489 995 3567 poetantium
1007 3492 1149 3571 profluxit
