2590 4038
216 196 271 252 184
444 218 446 225 ·
513 203 550 246 as
569 203 696 246 vuloini
714 203 908 254 enoounurm.

219 338 284 390 sus,
302 339 315 374 n
330 319 382 375 che
395 316 522 389 significa
537 330 594 370 una
603 314 667 371 data
676 319 756 386 parte
766 314 839 370 della
853 315 969 385 Stanza,
980 330 995 370 e
1005 319 1103 372 consta
1111 315 1183 372 d'un

219 414 295 466 certo
312 391 431 462 numero
443 404 472 460 di
487 402 575 472 versi,
597 403 684 458 dovre
706 402 833 458 rendersi
854 418 906 460 con
926 403 997 459 altra
1015 419 1083 460 voce
1103 403 1183 460 dide·

219 503 299 556 rente
316 498 352 552 da
368 495 457 552 Verst.
473 494 497 550 11
511 492 636 548 Trissino
652 491 742 546 iniatti
755 491 830 548 nella
840 508 891 548 sue
901 491 1020 548 Poetica
1030 491 1105 547 disse
1117 492 1183 558 obe,

219 603 272 660 per
285 585 394 656 tuggire
408 585 437 640 la
456 581 686 655 equivoeazione,
702 580 797 638 invece
812 579 841 636 di
857 579 945 636 Verso
963 578 1087 636 avrebbe
1104 586 1184 637 ussto

109 738 113 750 ,
222 675 250 731 la
265 691 331 732 voce
349 674 436 730 Volte.

219 827 222 832 ,
290 764 327 818 Se
337 779 394 818 non
404 763 455 818 ohe
468 761 487 818 il
498 757 562 817 ceso
575 777 609 816 su
617 763 820 830 rammentato,
833 758 885 814 obe
896 757 1068 832 equandola
1078 756 1184 814 Fronte

222 852 296 908 della
313 851 425 908 Stanza
440 850 540 906 eecede
554 849 581 904 le
599 849 675 904 Volte
690 866 707 904 ο
721 849 778 921 pub
793 847 936 904 eccederle
955 847 1065 902 sinelle
1084 847 1186 904 sillabe

222 941 277 997 esi
292 941 335 996 ne‘
348 939 439 1004 versi,
454 937 517 994 vien
533 951 587 1010 pur
601 937 637 994 ad
651 937 814 997 accennarsi
828 936 877 1010 piu
899 941 987 992 sotto:
1004 935 1064 990 dici
1077 941 1194 1008 potest,

222 1029 372 1097 Frontem,
384 1030 415 1084 in
433 1028 478 1084 teis
493 1027 603 1083 dnobus
614 1025 727 1096 (seilicet
737 1024 855 1096 syllabis
868 1029 895 1080 et
904 1024 1096 1094 carminibus)
1102 1039 1186 1096 passe

223 1133 365 1188 superare
376 1115 496 1170 Versus:
511 1132 524 1168 n
543 1114 593 1170 lin.
607 1113 652 1171 23.
668 1115 745 1169 Oltre
760 1130 777 1168 a
790 1112 834 1168 cib
848 1111 938 1168 vuolsi
953 1127 1005 1184 por
1019 1117 1127 1181 mente,
1137 1113 1186 1167 che

223 1206 272 1278 poi
285 1221 343 1262 nou
358 1204 381 1260 si
396 1209 472 1260 toeea
487 1208 591 1275 punto,
607 1202 659 1258 ehe
673 1203 701 1257 la
715 1201 823 1258 Fronte
835 1218 919 1274 possa
934 1217 1053 1274 superer
1062 1200 1091 1256 la
1107 1201 1188 1258 Volta

222 1310 274 1367 per
289 1309 408 1350 numero
421 1293 450 1348 di
458 1293 559 1348 sittabe
568 1292 603 1348 ed
616 1307 730 1347 esserue
741 1297 872 1363 superate
885 1308 936 1363 per
945 1291 1040 1363 quello
1050 1291 1188 1360 de'versi,

223 1385 332 1442 benche
342 1383 471 1439 l’Autore
485 1382 594 1437 attermi
608 1381 734 1437 d’averlo
748 1387 962 1454 preaceennato:
979 1381 1190 1454 «quemadmo

224 1474 296 1529 dura
309 1471 455 1544 discimus,
465 1471 598 1528 Frontem
605 1487 689 1543 posse
698 1487 841 1542 superare
853 1470 1025 1526 carminibus
1038 1477 1066 1526 et
1078 1471 1190 1543 syllabis

225 1564 376 1633 superari,
400 1566 427 1616 et
445 1549 640 1616 econirario:
658 1578 672 1615 n
688 1560 739 1616 lin.
753 1560 799 1616 33.
817 1560 927 1631 Ond'b,
943 1561 994 1616 ebe
1007 1578 1024 1616 a
1039 1560 1137 1616 buona
1150 1577 1191 1616 re-

223 1650 307 1721 gione
320 1651 340 1706 il
354 1650 478 1732 Bbbmer
495 1649 646 1705 conahiuse
661 1648 713 1704 che
730 1647 757 1704 al
774 1649 858 1720 luogo
873 1650 955 1705 citato
973 1649 1014 1706 sia
1029 1649 1067 1706 da
1082 1650 1191 1706 daversi

224 1740 352 1812 leggerc:
368 1737 566 1811 «quandoque
575 1737 665 1794 Frons
677 1737 783 1793 Versus
796 1738 907 1794 eccccdit
916 1740 948 1793 in
960 1739 1083 1809 syllabis
1097 1745 1126 1794 et
1136 1755 1191 1796 non
1273 1709 1274 1740 ἶ

225 1829 258 1883 in
276 1828 468 1895 carminibus,
483 1828 528 1882 nel
542 1827 675 1882 excedere
688 1831 812 1896 potest.»
830 1825 852 1880 Ε
866 1826 964 1902 quindi
974 1843 1026 1898 per
1041 1833 1160 1900 opposta
1169 1829 1192 1884 si
1273 1835 1274 1844 ¹

225 1917 311 1972 ridice
327 1919 620 1986 susseguentemente:
632 1907 651 1966 'c
660 1914 832 1986 quandoque
846 1912 953 1986 (Frons)
966 1914 999 1968 in
1010 1917 1192 1974 carminibus

226 2012 254 2074 et
269 2006 389 2076 syllabis
403 2003 541 2076 superari
552 2001 955 2072 potest:slin.11.l²0rseun
970 2003 1128 2076 po'troppo
1144 2006 1191 2062 mi·

225 2100 294 2150 nute
309 2093 333 2148 si
347 2107 488 2165 parranno
508 2089 592 2145 simili
605 2088 743 2158 ricerche,
757 2105 864 2162 eppure
878 2105 936 2145 uon
950 2091 974 2146 si
990 2092 1123 2162 vogliono
1137 2098 1191 2150 tre·

227 2198 342 2240 scurare
358 2179 543 2251 daebiunque
559 2179 615 2234 ami
625 2179 653 2234 di
668 2179 735 2235 sarsi
744 2195 784 2234 un
794 2180 886 2251 giusta
900 2185 1026 2236 coneetto
1037 2180 1191 2251 dell’Arte,

228 2267 351 2326 secondo
366 2266 412 2320 cui
427 2265 516 2322 Dante
531 2282 588 2322 non
603 2284 657 2339 pur
672 2268 795 2324 s’avvisb
813 2269 865 2324 ebe
883 2267 1032 2324 dovessero
1052 2271 1193 2343 comporsi

226 2358 255 2418 le
266 2355 411 2424 (lanzoni,
421 2371 467 2412 ma
477 2355 501 2410 si
510 2356 525 2411 b
535 2356 676 2414 ben’anco
686 2358 907 2414 studiosamente
917 2359 1067 2430 ingegnato
1078 2357 1109 2414 di
1121 2375 1194 2416 oom-

227 2461 316 2518 porne
330 2444 430 2500 alcuna
446 2444 499 2515 egli
515 2450 618 2515 stesso,
632 2447 713 2517 quasi
728 2447 764 2502 ad
778 2446 918 2503 otlriroela
931 2447 960 2502 in
975 2449 1113 2520 esempio.

300 2535 346 2589 11.
365 2534 544 2607 Quandoque
560 2535 671 2607 (Frons)
687 2535 720 2590 iu
735 2536 914 2592 carminibus
933 2536 1071 2594 ecaedere
1089 2541 1192 2611 (potest

231 2625 348 2695 Versus,
360 2626 387 2679 le
399 2625 490 2697 Valle)
500 2631 527 2681 et
537 2625 568 2680 in
581 2627 697 2697 syllabis
706 2628 852 2698 superari,
865 2632 898 2684 ut
910 2627 936 2683 si
947 2626 1038 2684 Frons
1048 2634 1193 2702 essetpen·
1272 2643 1273 2684 ξ

199 2792 201 2795 Ι
230 2715 358 2769 tametra
373 2713 414 2785 (di
429 2713 532 2786 cinque
552 2711 639 2788 versi)
655 2720 682 2768 et
697 2715 818 2785 quilibet
828 2714 933 2772 Versus
949 2715 1075 2772 dimeter
1091 2719 1121 2790 (s
1139 2718 1192 2774 eia·
1272 2729 1273 2772 t

227 2817 315 2858 scuna
330 2801 404 2858 delle
423 2802 502 2857 Voltc
514 2802 588 2858 fosse
604 2801 633 2856 di
647 2802 701 2858 due
723 2804 822 2876 versi),
843 2820 943 2860 ovvero
958 2821 989 2860 se
1003 2804 1013 2858 i
1028 2807 1104 2861 versi
1122 2806 1191 2862 della

228 2891 336 2948 Fronte
352 2892 458 2948 fosscro
471 2890 638 2963 eptasillabi,
654 2907 670 2945 e
683 2892 771 2964 quelli
788 2893 862 2948 della
879 2893 962 2950 Vctta
976 2893 1188 2952 endeasfflabi:

231 3001 245 3037 a
261 2991 287 3038 et
301 2989 399 3040 metra
417 2982 529 3038 Frontis
544 2983 726 3054 eptasyllaba
740 2989 767 3040 et
781 2984 887 3042 Versus
909 2985 1132 3057 endecasyllaba
1149 3001 1191 3043 es·

230 3076 302 3128 sent.
313 3090 327 3125 u
340 3071 437 3126 Pcrcib
446 3071 494 3144 qui
505 3071 540 3126 ad
557 3077 625 3126 reti>
641 3072 840 3144 precedentes
857 3081 996 3150 ametro»
1016 3078 1153 3134 concisae
1168 3075 1189 3130 si

227 3159 385 3214 sustituisea
397 3177 411 3212 s
422 3164 474 3214 aut
481 3177 515 3227 ,n
532 3157 604 3214 ende
619 3160 643 3214 si
659 3160 816 3217 determina
829 3163 1000 3236 l'assegnata
1013 3166 1187 3224 distincione.

301 3245 623 3320 nunnunquam
645 3250 735 3306 Pedes
751 3251 873 3308 Gaudere
894 3259 1036 3324 superant
1057 3253 1192 3311 carmiani·

228 3335 280 3392 bns
295 3342 321 3392 et
331 3339 459 3408 syllabis.
474 3337 563 3394 Dante
578 3341 619 3396 cib
640 3340 678 3396 ha
697 3341 861 3399 dimostrato
876 3343 951 3400 nella
971 3361 1024 3400 sua
1049 3343 1188 3401 Ganzone:

230 3424 346 3481 «Amor
355 3427 405 3482 che
417 3429 516 3484 mucci
525 3434 576 3485 tua
590 3430 670 3486 virid
684 3431 734 3488 dal
745 3432 854 3505 Cietae
867 3433 955 3490 dovci
966 3432 1022 3490 due
1032 3433 1120 3490 Piedi
1132 3433 1193 3500 ebe,

227 3516 347 3574 secondo
360 3516 380 3573 il
393 3510 531 3589 Trissino,
549 3519 743 3580 costituiscono
759 3523 786 3581 la
800 3521 876 3584 Base
890 3523 965 3580 della
980 3523 1098 3596 Stenae,
1114 3537 1194 3596 supe·
