2590 4038
513 168 672 210 0011111111.
1016 160 1070 218 179

100 285 148 340 Cio
158 288 253 356 posto,
267 283 292 338 si
302 282 383 338 viene
394 281 492 354 quindi
502 297 518 336 a
530 281 685 338 dichiarare
697 298 726 338 se
736 282 764 338 la
775 283 920 351 Caesone,
929 286 975 340 nel
986 301 1068 342 senso

100 371 130 428 in
144 372 197 430 che
214 371 267 444 qui
280 371 371 426 vuolsi
384 371 537 442 prendere,
550 372 590 426 sia
599 371 735 442 passione
748 373 784 428 od
798 379 872 443 atto,
883 391 898 428 e
910 375 1000 430 Dante
1014 381 1070 430 sta-

101 462 197 518 bilisce
211 463 266 518 che
280 461 373 517 dehba
383 461 554 531 riguardarsi
564 478 642 517 come
653 467 727 529 atto,
737 462 766 516 in
781 468 887 532 quanto
900 464 914 516 e
927 470 1069 534 composta

101 551 146 608 <tal
160 566 214 605 suo
228 549 355 619 artefice,
373 565 481 604 ecome
490 550 640 622 passione,
657 549 686 604 in
704 555 808 620 quanto
818 551 890 620 che,
906 553 1068 620 satiricota

77 652 80 660 ’
101 637 215 694 dicotal
231 638 329 708 guise,
340 638 365 693 si
374 639 535 710 profecisse
550 639 615 696 dall'
622 640 738 694 artefice
751 644 840 694 stesso
857 655 873 694 0
890 640 927 694 da
939 639 1003 694 altri
1017 657 1070 696 con

102 733 388 800 accompagnamento
407 727 436 781 di
459 729 541 784 suoni
562 746 578 784 o
598 745 681 784 senza
700 729 729 782 di
748 744 821 784 esso.
839 728 952 797 Donde,
974 730 1070 786 invece
1096 793 1105 808 .

104 815 145 872 di:
160 817 344 874 «secundam
358 817 434 890 quod
445 818 625 888 fabricator,
636 821 814 890 profertor»
827 815 891 890 (lin.
903 816 967 888 te),
979 819 1071 888 parmi

105 906 144 962 sia
156 907 191 962 da
204 907 336 978 leggere:
352 923 366 959 1(
377 907 534 962 secandam
549 907 625 977 qaod
633 907 779 976 fabricata
789 905 856 978 (est)
864 947 872 975 ,
880 909 1042 978 profertur,
1054 925 1068 962 n

104 1011 180 1050 come
200 1012 257 1066 pur
275 995 301 1050 si
316 997 451 1066 raccoglie
467 997 513 1051 dal
528 996 782 1064 Volgarizzamento
802 997 849 1066 del
868 996 1002 1052 Trissino.
1022 997 1069 1053 In-

104 1089 161 1139 tesa
174 1085 202 1138 10
220 1084 354 1140 (lanzone
368 1085 416 1139 nel
430 1084 521 1156 primo
532 1100 629 1152 senso,
640 1083 660 1138 il
670 1089 766 1138 nostro
776 1085 881 1140 Autore
892 1086 1041 1158 appropria
1049 1087 1070 1142 il

104 1188 184 1228 nome
203 1171 234 1226 di
259 1172 393 1228 Canzoae
412 1172 457 1226 all’
469 1171 579 1226 Eneide
594 1187 644 1242 per
664 1172 754 1227 simile
770 1173 873 1243 modo,
897 1175 975 1230 ch’ei
987 1175 1069 1232 deno·

104 1262 178 1318 mina
193 1261 327 1318 Cosconi
340 1261 366 1316 le
380 1266 423 1316 tre
437 1260 575 1316 Cantiche
588 1259 634 1316 del
650 1277 702 1316 suo
715 1261 831 1317 Poema:
846 1263 912 1333 1111,
923 1277 976 1334 xx,
990 1264 1020 1322 3.

171 1351 221 1407 24.
244 1351 322 1417 Quia
342 1351 429 1424 prius
449 1351 549 1422 agitur
571 1350 652 1422 ipsa,
675 1367 764 1422 quam
788 1358 871 1422 apat,
892 1355 987 1426 magis
1006 1355 1068 1412 ideo

100 1455 224 1509 prorsus
237 1439 527 1507 (10101100110100,
540 1437 734 1508 0101091111,
749 1445 775 1492 et
789 1445 829 1496 est
843 1441 914 1496 actio
928 1443 1069 1512 alicujus,

102 1545 191 1600 guasco
208 1529 245 1584 ab
262 1532 294 1582 eo
311 1528 387 1600 qaod
403 1527 465 1599 opit
479 1527 512 1582 in
527 1527 609 1583 otios.
624 1527 647 1582 11
664 1527 803 1597 Bahman,
819 1528 896 1582 colla
914 1536 1006 1586 scorta
1023 1531 1069 1586 del

103 1616 169 1674 eod.
187 1617 218 1673 di
231 1617 388 1684 Grenoble,
401 1617 473 1670 tiene
489 1617 555 1684 che,
569 1615 599 1669 in
612 1615 720 1670 cambio
737 1617 764 1670 di
783 1615 871 1670 rideo
878 1631 1030 1687 prorsus»
1045 1617 1069 1672 si

100 1721 245 1776 consenga
258 1705 380 1760 scrivere
390 1705 649 1774 acascomarcos,
659 1723 672 1758 1
683 1720 698 1758 e
709 1704 751 1758 cio
760 1705 800 1758 mi
810 1704 923 1760 sembra
932 1721 984 1760 con
993 1705 1069 1762 huon

100 1795 246 1866 consiglio.
263 1795 420 1862 Perocche5
436 1793 563 1849 dovendo
576 1794 604 1846 la
619 1792 750 1848 Caesone
765 1809 858 1847 essere
870 1795 949 1863 sotto
955 1832 965 1860 ,
978 1781 1070 1864 prima

99 1885 149 1940 che
165 1901 253 1958 possa
271 1887 338 1956 fare
357 1883 475 1952 saache
489 1899 554 1936 cosa
572 1881 602 1932 in
618 1880 803 1949 chicchessia,
819 1880 888 1934 deve
903 1886 1070 1951 soprattutto

100 1970 295 2030 denominarsi
306 1969 342 2024 da
352 1970 461 2040 quello,
473 1969 545 2024 onde
555 1969 583 2022 10
596 1967 723 2022 (lanzone
734 1968 758 2024 si
767 1970 812 2039 fo,
827 1969 885 2024 cioe
898 1970 964 2024 dall’
973 1975 1032 2026 otto
1042 1971 1070 2026 di
1115 1953 1118 1958 ¹

100 2063 215 2130 alcuna,
230 2061 282 2116 che
297 2075 354 2114 non
370 2059 405 2114 da
421 2064 526 2131 quanto
541 2058 568 2112 10
581 2058 712 2114 Caaooae
721 2074 804 2130 possa
816 2062 883 2130 sore
895 2059 925 2115 in
940 2060 1069 2131 alienia,

101 2151 221 2224 vogliam
237 2147 313 2216 dire,
328 2147 402 2202 dalla
413 2147 566 2218 passione,
583 2146 627 2200 cui
643 2146 724 2202 abbia
739 2147 803 2204 dato
819 2147 926 2220 origine
942 2167 959 2206 o
974 2167 1068 2208 causa.

169 2238 219 2293 29.
238 2237 389 2309 Praeterea
409 2235 646 2305 distinguendam
660 2242 700 2292 est
718 2241 821 2292 atram
841 2238 937 2296 Gentio
954 2240 1070 2298 dicator

100 2327 256 2400 fabricatio
274 2327 428 2382 verboram
448 2325 715 2392 ormoaizotoram,
733 2332 786 2382 etc.
808 2325 849 2380 Ed
869 2327 898 2382 in
917 2328 1026 2398 effetto,
1041 2329 1069 2385 10

103 2417 266 2474 Consonat
280 2431 320 2471 un
336 2413 562 2486 componimento
578 2413 605 2467 di
623 2415 727 2485 parole
746 2431 798 2470 con
817 2415 926 2487 legame
945 2416 1069 2472 musaico

101 2505 299 2561 ormonizcate
313 2503 426 2576 (00111,
438 2517 458 2573 1,
470 2503 509 2574 7),
523 2503 572 2557 tali
582 2503 617 2558 da
627 2503 713 2559 dover
721 2503 894 2560 modularet.
906 2502 1070 2558 1101111011-

101 2591 214 2648 latione
232 2592 280 2664 poi
292 2593 315 2647 s‘
326 2591 438 2648 intende
454 2591 474 2644 il
488 2581 608 2646 eantare
621 2595 725 2660 stesso,
741 2591 762 2644 il
776 2596 947 2646 trascorrere
960 2589 1019 2644 cioe
1033 2589 1070 2644 da

101 2698 190 2738 suono
206 2699 223 2738 a
237 2697 346 2752 suono,
359 2681 380 2735 il
396 2686 461 2736 tono
473 2695 488 2734 e
501 2679 528 2733 10
543 2679 669 2734 melodia
682 2678 754 2732 della
764 2693 845 2745 voce,
863 2677 934 2732 onde
950 2676 977 2730 la
994 2675 1069 2731 aaa·

102 2787 169 2830 eone
183 2771 231 2826 del
249 2771 391 2825 dettatore
406 2769 493 2823 riesce
508 2768 557 2840 piii
572 2768 727 2821 vivamente
743 2781 891 2836 espressa:
908 2764 958 2820 lin.
975 2765 1020 2820 38.

171 2861 219 2922 32.
237 2860 347 2917 Nullas
362 2844 516 2915 tubicem...
534 2855 684 2912 melodiam
696 2872 782 2910 socam
798 2853 963 2910 Contionem
980 2859 1068 2922 cocat,

102 2950 160 3006 nisi
173 2951 207 3005 in
225 2953 372 3022 quantum
394 2952 482 3019 nupta
496 2950 536 3001 est
558 2945 649 3000 alicui
673 2943 809 2999 (1111110111.
827 2944 883 2998 Ρο1
901 2942 1069 2998 sentimenta

102 3039 148 3096 del
162 3041 302 3109 Bohmer,
312 3039 362 3111 qui
373 3035 542 3093 tornerebbe
555 3033 657 3103 meglio
671 3033 822 3102 registrare
836 3049 850 3085 c
862 3035 933 3103 apto
944 3049 958 3085 1)
970 3030 1070 3102 piutto·

104 3131 200 3184 stoebe
217 3147 231 3184 a
247 3133 353 3200 napta,
372 3146 386 3182 1
403 3143 450 3183 ma
464 3130 563 3200 questa
577 3125 693 3196 Volgata
709 3125 724 3178 e
739 3128 813 3178 certo
829 3122 856 3176 10
871 3121 936 3176 vera'
951 3120 1068 3192 lenione,

101 3218 327 3274 acconeiamente
345 3215 493 3290 petendosi
512 3215 662 3286 disposore
680 3213 707 3268 la
725 3212 883 3268 melodico
898 3212 925 3266 le
941 3211 1071 3268 modulo·

101 3305 183 3361 aione
197 3306 244 3362 del
257 3322 347 3362 suono
363 3305 418 3361 alla
434 3305 584 3360 Coacone:
601 3303 651 3358 lin.
669 3302 714 3357 20.

173 3395 221 3454 41.
243 3395 411 3468 Vulgariter
427 3399 455 3450 et
469 3392 646 3464 regulariter
663 3390 709 3466 (in
729 3389 850 3461 Volgare
864 3389 900 3444 ed
918 3389 948 3444 in
966 3387 1070 3444 Gram-

101 3483 232 3558 matico).
250 3485 275 3541 Il
289 3487 381 3556 primo
396 3481 525 3540 avverhio
542 3481 638 3537 dinota
651 3479 730 3536 l'aso
746 3479 913 3552 capriccioso
935 3471 978 3532 de’
989 3467 1071 3530 Poeti
