<?xml version="1.0" encoding="UTF-8"?>
<!DOCTYPE html PUBLIC "-//W3C//DTD XHTML 1.0 Transitional//EN"
    "http://www.w3.org/TR/xhtml1/DTD/xhtml1-transitional.dtd">
<html xmlns="http://www.w3.org/1999/xhtml" xml:lang="en" lang="en">
 <head>
  <title>
</title>
<meta http-equiv="Content-Type" content="text/html;charset=utf-8" />
  <meta name='ocr-system' content='tesseract 3.04.00' />
  <meta name='ocr-capabilities' content='ocr_page ocr_carea ocr_par ocr_line ocrx_word'/>
</head>
<body>
  <div class='ocr_page' id='page_1' title='image "./operelatine00giulgoog_0258.png"; bbox 0 0 2590 4038; ppageno 0'>
   <div class='ocr_carea' id='block_1_1' title="bbox 479 176 1061 246">
    <p class='ocr_par' dir='ltr' id='par_1_1' title="bbox 479 176 1061 246">
     <span class='ocr_line' id='line_1_1' title="bbox 479 176 1061 246; baseline -0.005 -10"><span class='ocrx_word' id='word_1_1' title='bbox 479 195 565 236; x_wconf 81' lang='lat' dir='ltr'>mnan</span> <span class='ocrx_word' id='word_1_2' title='bbox 585 194 700 246; x_wconf 82' lang='lat' dir='ltr'>numus</span> <span class='ocrx_word' id='word_1_3' title='bbox 1007 176 1061 234; x_wconf 75' lang='lat'>239</span> 
     </span>
    </p>
   </div>
   <div class='ocr_carea' id='block_1_2' title="bbox 114 323 1105 1357">
    <p class='ocr_par' dir='ltr' id='par_1_2' title="bbox 114 323 1105 1357">
     <span class='ocr_line' id='line_1_2' title="bbox 114 323 1103 407; baseline -0.009 -19"><span class='ocrx_word' id='word_1_4' title='bbox 114 325 238 407; x_wconf 85' lang='lat' dir='ltr'><strong>proprie</strong></span> <span class='ocrx_word' id='word_1_5' title='bbox 258 345 314 388; x_wconf 89' lang='lat' dir='ltr'>sua</span> <span class='ocrx_word' id='word_1_6' title='bbox 331 332 393 398; x_wconf 89' lang='lat' dir='ltr'>est,</span> <span class='ocrx_word' id='word_1_7' title='bbox 412 325 556 398; x_wconf 83' lang='lat' dir='ltr'><strong>adsumit,</strong></span> <span class='ocrx_word' id='word_1_8' title='bbox 576 331 605 386; x_wconf 89' lang='lat' dir='ltr'>et</span> <span class='ocrx_word' id='word_1_9' title='bbox 622 323 837 403; x_wconf 74' lang='lat' dir='ltr'>particulariter</span> <span class='ocrx_word' id='word_1_10' title='bbox 854 326 894 384; x_wconf 90' lang='lat' dir='ltr'>ad</span> <span class='ocrx_word' id='word_1_11' title='bbox 910 326 1054 402; x_wconf 90' lang='lat' dir='ltr'>operatio·</span> <span class='ocrx_word' id='word_1_12' title='bbox 1075 335 1103 380; x_wconf 74' lang='lat'>45</span> 
     </span>
     <span class='ocr_line' id='line_1_3' title="bbox 114 430 1056 508; baseline -0.002 -13"><span class='ocrx_word' id='word_1_13' title='bbox 114 452 188 495; x_wconf 86' lang='lat' dir='ltr'>nem</span> <span class='ocrx_word' id='word_1_14' title='bbox 208 431 369 492; x_wconf 83' lang='lat' dir='ltr'>concludit.</span> <span class='ocrx_word' id='word_1_15' title='bbox 385 430 422 490; x_wconf 87' lang='lat' dir='ltr'>Et</span> <span class='ocrx_word' id='word_1_16' title='bbox 438 430 496 490; x_wconf 90' lang='lat' dir='ltr'>hoc</span> <span class='ocrx_word' id='word_1_17' title='bbox 510 449 571 490; x_wconf 91' lang='lat' dir='ltr'>non</span> <span class='ocrx_word' id='word_1_18' title='bbox 587 432 686 491; x_wconf 89' lang='lat' dir='ltr'>solum</span> <span class='ocrx_word' id='word_1_19' title='bbox 699 430 840 508; x_wconf 87' lang='lat' dir='ltr'>possibile</span> <span class='ocrx_word' id='word_1_20' title='bbox 854 437 900 491; x_wconf 92' lang='lat' dir='ltr'>est</span> <span class='ocrx_word' id='word_1_21' title='bbox 914 430 985 505; x_wconf 83' lang='lat' dir='ltr'>Uni,</span> <span class='ocrx_word' id='word_1_22' title='bbox 1001 433 1056 493; x_wconf 89' lang='lat' dir='ltr'>sed</span> 
     </span>
     <span class='ocr_line' id='line_1_4' title="bbox 115 536 1056 613; baseline 0 -13"><span class='ocrx_word' id='word_1_23' title='bbox 115 559 246 600; x_wconf 88' lang='lat' dir='ltr'>necesse</span> <span class='ocrx_word' id='word_1_24' title='bbox 276 543 323 598; x_wconf 90' lang='lat' dir='ltr'>est</span> <span class='ocrx_word' id='word_1_25' title='bbox 344 538 384 600; x_wconf 83' lang='lat' dir='ltr'>ab</span> <span class='ocrx_word' id='word_1_26' title='bbox 404 555 464 596; x_wconf 91' lang='lat' dir='ltr'>uno</span> <span class='ocrx_word' id='word_1_27' title='bbox 485 537 666 613; x_wconf 84' lang='lat' dir='ltr'>procedere,</span> <span class='ocrx_word' id='word_1_28' title='bbox 688 543 721 597; x_wconf 89' lang='lat' dir='ltr'>ut</span> <span class='ocrx_word' id='word_1_29' title='bbox 741 536 839 598; x_wconf 90' lang='lat' dir='ltr'>omnis</span> <span class='ocrx_word' id='word_1_30' title='bbox 861 537 996 598; x_wconf 86' lang='lat' dir='ltr'>conlusio</span> <span class='ocrx_word' id='word_1_31' title='bbox 1018 539 1056 600; x_wconf 91' lang='lat' dir='ltr'>de</span> 
     </span>
     <span class='ocr_line' id='line_1_5' title="bbox 115 641 1057 726; baseline 0 -20"><span class='ocrx_word' id='word_1_32' title='bbox 115 643 270 726; x_wconf 84' lang='lat' dir='ltr'>principiis</span> <span class='ocrx_word' id='word_1_33' title='bbox 285 641 504 704; x_wconf 85' lang='lat' dir='ltr'>universalibus</span> <span class='ocrx_word' id='word_1_34' title='bbox 523 643 685 705; x_wconf 76' lang='lat' dir='ltr'>auferatur,</span> <span class='ocrx_word' id='word_1_35' title='bbox 703 645 769 706; x_wconf 86' lang='lat' dir='ltr'>Hoc</span> <span class='ocrx_word' id='word_1_36' title='bbox 787 649 816 705; x_wconf 90' lang='lat' dir='ltr'>et</span> <span class='ocrx_word' id='word_1_37' title='bbox 836 645 948 705; x_wconf 89' lang='lat' dir='ltr'>factum</span> <span class='ocrx_word' id='word_1_38' title='bbox 965 645 1057 706; x_wconf 87' lang='lat' dir='ltr'>luisse</span> 
     </span>
     <span class='ocr_line' id='line_1_6' title="bbox 116 748 1057 831; baseline 0 -19"><span class='ocrx_word' id='word_1_39' title='bbox 116 771 171 830; x_wconf 89' lang='lat' dir='ltr'>per</span> <span class='ocrx_word' id='word_1_40' title='bbox 188 752 309 828; x_wconf 91' lang='lat' dir='ltr'>Ipsum,</span> <span class='ocrx_word' id='word_1_41' title='bbox 323 748 389 827; x_wconf 92' lang='lat' dir='ltr'>ipse</span> <span class='ocrx_word' id='word_1_42' title='bbox 402 749 520 826; x_wconf 85' lang='lat' dir='ltr'>Moyses</span> <span class='ocrx_word' id='word_1_43' title='bbox 536 749 568 808; x_wconf 93' lang='lat' dir='ltr'>in</span> <span class='ocrx_word' id='word_1_44' title='bbox 583 751 649 826; x_wconf 78' lang='lat' dir='ltr'>lege</span> <span class='ocrx_word' id='word_1_45' title='bbox 662 749 837 825; x_wconf 87' lang='lat' dir='ltr'>conscribit;</span> <span class='ocrx_word' id='word_1_46' title='bbox 853 750 904 827; x_wconf 88' lang='lat' dir='ltr'>qui</span> <span class='ocrx_word' id='word_1_47' title='bbox 917 751 1057 831; x_wconf 87' lang='lat' dir='ltr'>adsump·</span> 
     </span>
     <span class='ocr_line' id='line_1_7' title="bbox 115 855 1105 934; baseline 0.002 -15"><span class='ocrx_word' id='word_1_48' title='bbox 115 857 154 919; x_wconf 90' lang='lat' dir='ltr'>tis</span> <span class='ocrx_word' id='word_1_49' title='bbox 171 855 352 934; x_wconf 86' lang='lat' dir='ltr'>primatibus</span> <span class='ocrx_word' id='word_1_50' title='bbox 370 856 407 916; x_wconf 93' lang='lat' dir='ltr'>de</span> <span class='ocrx_word' id='word_1_51' title='bbox 426 855 577 916; x_wconf 86' lang='lat' dir='ltr'>Tribubus</span> <span class='ocrx_word' id='word_1_52' title='bbox 595 856 724 918; x_wconf 85' lang='lat' dir='ltr'>filiorum</span> <span class='ocrx_word' id='word_1_53' title='bbox 738 857 843 930; x_wconf 87' lang='lat' dir='ltr'>lsrael,</span> <span class='ocrx_word' id='word_1_54' title='bbox 859 858 902 918; x_wconf 86' lang='lat' dir='ltr'>eis</span> <span class='ocrx_word' id='word_1_55' title='bbox 916 858 1057 921; x_wconf 84' lang='lat' dir='ltr'>inferiora</span> <span class='ocrx_word' id='word_1_56' title='bbox 1077 864 1105 908; x_wconf 73' lang='lat'>⁶⁰</span> 
     </span>
     <span class='ocr_line' id='line_1_8' title="bbox 114 958 1056 1041; baseline 0 -18"><span class='ocrx_word' id='word_1_57' title='bbox 114 961 228 1041; x_wconf 77' lang='lat' dir='ltr'>Judicia</span> <span class='ocrx_word' id='word_1_58' title='bbox 240 959 442 1037; x_wconf 79' lang='lat' dir='ltr'>relinquebat,</span> <span class='ocrx_word' id='word_1_59' title='bbox 455 958 610 1036; x_wconf 85' lang='lat' dir='ltr'>superiora</span> <span class='ocrx_word' id='word_1_60' title='bbox 622 965 652 1020; x_wconf 90' lang='lat' dir='ltr'>et</span> <span class='ocrx_word' id='word_1_61' title='bbox 661 958 868 1020; x_wconf 87' lang='lat' dir='ltr'>communiora</span> <span class='ocrx_word' id='word_1_62' title='bbox 880 959 936 1020; x_wconf 91' lang='lat' dir='ltr'>sibi</span> <span class='ocrx_word' id='word_1_63' title='bbox 945 961 1001 1022; x_wconf 91' lang='lat' dir='ltr'>soli</span> <span class='ocrx_word' id='word_1_64' title='bbox 1011 981 1056 1023; x_wconf 86' lang='lat' dir='ltr'>re·</span> 
     </span>
     <span class='ocr_line' id='line_1_9' title="bbox 117 1065 1057 1147; baseline -0.001 -18"><span class='ocrx_word' id='word_1_65' title='bbox 117 1085 257 1142; x_wconf 85' lang='lat' dir='ltr'>servans;</span> <span class='ocrx_word' id='word_1_66' title='bbox 274 1065 383 1143; x_wconf 90' lang='lat' dir='ltr'>quibus</span> <span class='ocrx_word' id='word_1_67' title='bbox 397 1065 653 1126; x_wconf 88' lang='lat' dir='ltr'>communioribus</span> <span class='ocrx_word' id='word_1_68' title='bbox 669 1068 830 1128; x_wconf 87' lang='lat' dir='ltr'>utebantur</span> <span class='ocrx_word' id='word_1_69' title='bbox 844 1066 988 1146; x_wconf 88' lang='lat' dir='ltr'>primates</span> <span class='ocrx_word' id='word_1_70' title='bbox 1002 1087 1057 1147; x_wconf 88' lang='lat' dir='ltr'>per</span> 
     </span>
     <span class='ocr_line' id='line_1_10' title="bbox 117 1171 1056 1252; baseline 0.002 -18"><span class='ocrx_word' id='word_1_71' title='bbox 117 1173 228 1234; x_wconf 90' lang='lat' dir='ltr'>Tribus</span> <span class='ocrx_word' id='word_1_72' title='bbox 246 1191 331 1244; x_wconf 86' lang='lat' dir='ltr'>suas,</span> <span class='ocrx_word' id='word_1_73' title='bbox 351 1172 522 1232; x_wconf 89' lang='lat' dir='ltr'>secundum</span> <span class='ocrx_word' id='word_1_74' title='bbox 539 1173 620 1248; x_wconf 89' lang='lat' dir='ltr'>quod</span> <span class='ocrx_word' id='word_1_75' title='bbox 637 1171 797 1251; x_wconf 86' lang='lat' dir='ltr'>unicuique</span> <span class='ocrx_word' id='word_1_76' title='bbox 817 1173 920 1235; x_wconf 86' lang='lat' dir='ltr'>Tribui</span> <span class='ocrx_word' id='word_1_77' title='bbox 937 1191 1056 1252; x_wconf 86' lang='lat' dir='ltr'>compe·</span> 
     </span>
     <span class='ocr_line' id='line_1_11' title="bbox 117 1276 1055 1357; baseline 0 -17"><span class='ocrx_word' id='word_1_78' title='bbox 117 1279 210 1340; x_wconf 86' lang='lat' dir='ltr'>lebat.</span> <span class='ocrx_word' id='word_1_79' title='bbox 227 1276 306 1354; x_wconf 81' lang='lat' dir='ltr'>Ergo</span> <span class='ocrx_word' id='word_1_80' title='bbox 323 1276 430 1337; x_wconf 86' lang='lat' dir='ltr'>melius</span> <span class='ocrx_word' id='word_1_81' title='bbox 446 1282 491 1338; x_wconf 92' lang='lat' dir='ltr'>est</span> <span class='ocrx_word' id='word_1_82' title='bbox 505 1277 673 1340; x_wconf 86' lang='lat' dir='ltr'>humanum</span> <span class='ocrx_word' id='word_1_83' title='bbox 684 1279 785 1340; x_wconf 88' lang='lat' dir='ltr'>Genus</span> <span class='ocrx_word' id='word_1_84' title='bbox 799 1299 853 1357; x_wconf 90' lang='lat' dir='ltr'>per</span> <span class='ocrx_word' id='word_1_85' title='bbox 869 1299 964 1342; x_wconf 91' lang='lat' dir='ltr'>unum</span> <span class='ocrx_word' id='word_1_86' title='bbox 977 1279 1055 1356; x_wconf 78' lang='lat' dir='ltr'>regi,</span> 
     </span>
    </p>
   </div>
   <div class='ocr_carea' id='block_1_3' title="bbox 116 1381 1192 1462">
    <p class='ocr_par' dir='ltr' id='par_1_3' title="bbox 116 1381 1192 1462">
     <span class='ocr_line' id='line_1_12' title="bbox 116 1381 1192 1462; baseline 0.001 -17"><span class='ocrx_word' id='word_1_87' title='bbox 116 1403 210 1462; x_wconf 88' lang='lat' dir='ltr'>quam</span> <span class='ocrx_word' id='word_1_88' title='bbox 227 1403 282 1460; x_wconf 90' lang='lat' dir='ltr'>per</span> <span class='ocrx_word' id='word_1_89' title='bbox 300 1381 401 1460; x_wconf 89' lang='lat' dir='ltr'>plura,</span> <span class='ocrx_word' id='word_1_90' title='bbox 419 1388 449 1443; x_wconf 88' lang='lat' dir='ltr'>et</span> <span class='ocrx_word' id='word_1_91' title='bbox 465 1382 508 1444; x_wconf 90' lang='lat' dir='ltr'>sic</span> <span class='ocrx_word' id='word_1_92' title='bbox 523 1401 576 1460; x_wconf 91' lang='lat' dir='ltr'>per</span> <span class='ocrx_word' id='word_1_93' title='bbox 593 1385 796 1462; x_wconf 84' lang='lat' dir='ltr'>Monarcbcm,</span> <span class='ocrx_word' id='word_1_94' title='bbox 814 1382 865 1460; x_wconf 90' lang='lat' dir='ltr'>qui</span> <span class='ocrx_word' id='word_1_95' title='bbox 885 1385 990 1446; x_wconf 87' lang='lat' dir='ltr'>unicus</span> <span class='ocrx_word' id='word_1_96' title='bbox 1008 1389 1055 1446; x_wconf 86' lang='lat' dir='ltr'>est</span> <span class='ocrx_word' id='word_1_97' title='bbox 1076 1389 1102 1433; x_wconf 71' lang='lat'>⁵⁵</span> <span class='ocrx_word' id='word_1_98' title='bbox 1187 1407 1192 1418; x_wconf 93' lang='lat'><strong>·</strong></span> 
     </span>
    </p>
   </div>
   <div class='ocr_carea' id='block_1_4' title="bbox 116 1488 1057 1570">
    <p class='ocr_par' dir='ltr' id='par_1_4' title="bbox 116 1488 1057 1570">
     <span class='ocr_line' id='line_1_13' title="bbox 116 1488 1057 1570; baseline 0 -20"><span class='ocrx_word' id='word_1_99' title='bbox 116 1489 274 1570; x_wconf 86' lang='lat' dir='ltr'>princeps:</span> <span class='ocrx_word' id='word_1_100' title='bbox 292 1495 323 1550; x_wconf 90' lang='lat' dir='ltr'>et</span> <span class='ocrx_word' id='word_1_101' title='bbox 340 1489 383 1548; x_wconf 90' lang='lat' dir='ltr'>sie</span> <span class='ocrx_word' id='word_1_102' title='bbox 400 1488 507 1548; x_wconf 90' lang='lat' dir='ltr'>melius</span> <span class='ocrx_word' id='word_1_103' title='bbox 528 1490 801 1566; x_wconf 89' lang='lat' dir='ltr'>acceptabiliusque</span> <span class='ocrx_word' id='word_1_104' title='bbox 823 1495 868 1549; x_wconf 92' lang='lat' dir='ltr'>est</span> <span class='ocrx_word' id='word_1_105' title='bbox 888 1489 964 1563; x_wconf 87' lang='lat' dir='ltr'>Deo,</span> <span class='ocrx_word' id='word_1_106' title='bbox 987 1509 1057 1550; x_wconf 87' lang='lat' dir='ltr'>cum</span> 
     </span>
    </p>
   </div>
   <div class='ocr_carea' id='block_1_5' title="bbox 117 1597 1103 2299">
    <p class='ocr_par' dir='ltr' id='par_1_5' title="bbox 117 1597 1103 2299">
     <span class='ocr_line' id='line_1_14' title="bbox 118 1597 1057 1681; baseline -0.01 -14"><span class='ocrx_word' id='word_1_107' title='bbox 118 1606 201 1667; x_wconf 87' lang='lat' dir='ltr'>Deus</span> <span class='ocrx_word' id='word_1_108' title='bbox 227 1621 350 1681; x_wconf 85' lang='lat' dir='ltr'>semper</span> <span class='ocrx_word' id='word_1_109' title='bbox 372 1600 442 1662; x_wconf 85' lang='lat' dir='ltr'>velit</span> <span class='ocrx_word' id='word_1_110' title='bbox 464 1601 546 1678; x_wconf 88' lang='lat' dir='ltr'>quod</span> <span class='ocrx_word' id='word_1_111' title='bbox 567 1600 674 1660; x_wconf 91' lang='lat' dir='ltr'>melius</span> <span class='ocrx_word' id='word_1_112' title='bbox 699 1604 754 1658; x_wconf 89' lang='lat' dir='ltr'>est.</span> <span class='ocrx_word' id='word_1_113' title='bbox 776 1597 813 1658; x_wconf 84' lang='lat' dir='ltr'>Et</span> <span class='ocrx_word' id='word_1_114' title='bbox 836 1599 906 1656; x_wconf 89' lang='lat' dir='ltr'>cum</span> <span class='ocrx_word' id='word_1_115' title='bbox 927 1598 1057 1658; x_wconf 88' lang='lat' dir='ltr'>duomm</span> 
     </span>
     <span class='ocr_line' id='line_1_15' title="bbox 117 1701 1057 1779; baseline -0.002 -12"><span class='ocrx_word' id='word_1_116' title='bbox 117 1711 237 1768; x_wconf 89' lang='lat' dir='ltr'>tantum</span> <span class='ocrx_word' id='word_1_117' title='bbox 254 1705 333 1764; x_wconf 90' lang='lat' dir='ltr'>inter</span> <span class='ocrx_word' id='word_1_118' title='bbox 356 1723 405 1775; x_wconf 89' lang='lat' dir='ltr'>se,</span> <span class='ocrx_word' id='word_1_119' title='bbox 428 1702 508 1764; x_wconf 88' lang='lat' dir='ltr'>idern</span> <span class='ocrx_word' id='word_1_120' title='bbox 529 1702 567 1763; x_wconf 86' lang='lat' dir='ltr'>sit</span> <span class='ocrx_word' id='word_1_121' title='bbox 592 1701 699 1762; x_wconf 88' lang='lat' dir='ltr'>melius</span> <span class='ocrx_word' id='word_1_122' title='bbox 721 1706 751 1763; x_wconf 89' lang='lat' dir='ltr'>et</span> <span class='ocrx_word' id='word_1_123' title='bbox 775 1701 932 1779; x_wconf 91' lang='lat' dir='ltr'>optimum,</span> <span class='ocrx_word' id='word_1_124' title='bbox 956 1722 1057 1765; x_wconf 89' lang='lat' dir='ltr'>conse·</span> 
     </span>
     <span class='ocr_line' id='line_1_16' title="bbox 117 1803 1055 1894; baseline -0.007 -19"><span class='ocrx_word' id='word_1_125' title='bbox 117 1834 214 1894; x_wconf 87' lang='lat' dir='ltr'>quens</span> <span class='ocrx_word' id='word_1_126' title='bbox 232 1819 299 1887; x_wconf 88' lang='lat' dir='ltr'>est,</span> <span class='ocrx_word' id='word_1_127' title='bbox 322 1830 383 1871; x_wconf 91' lang='lat' dir='ltr'>non</span> <span class='ocrx_word' id='word_1_128' title='bbox 401 1809 499 1870; x_wconf 90' lang='lat' dir='ltr'>solum</span> <span class='ocrx_word' id='word_1_129' title='bbox 516 1807 578 1868; x_wconf 91' lang='lat' dir='ltr'>Dec</span> <span class='ocrx_word' id='word_1_130' title='bbox 597 1825 665 1866; x_wconf 88' lang='lat' dir='ltr'>esse</span> <span class='ocrx_word' id='word_1_131' title='bbox 681 1803 893 1882; x_wconf 88' lang='lat' dir='ltr'>acceptabilius</span> <span class='ocrx_word' id='word_1_132' title='bbox 908 1804 1055 1882; x_wconf 85' lang='lat' dir='ltr'>optimum</span> 
     </span>
     <span class='ocr_line' id='line_1_17' title="bbox 117 1909 1103 1992; baseline -0.015 -12"><span class='ocrx_word' id='word_1_133' title='bbox 117 1919 195 1980; x_wconf 87' lang='lat' dir='ltr'>inter</span> <span class='ocrx_word' id='word_1_134' title='bbox 213 1937 309 1979; x_wconf 89' lang='lat' dir='ltr'>unum</span> <span class='ocrx_word' id='word_1_135' title='bbox 330 1920 359 1976; x_wconf 90' lang='lat' dir='ltr'>et</span> <span class='ocrx_word' id='word_1_136' title='bbox 375 1915 476 1992; x_wconf 90' lang='lat' dir='ltr'>plura,</span> <span class='ocrx_word' id='word_1_137' title='bbox 495 1915 549 1974; x_wconf 91' lang='lat' dir='ltr'>sed</span> <span class='ocrx_word' id='word_1_138' title='bbox 571 1909 880 1989; x_wconf 84' lang='lat' dir='ltr'>acceptabilissimum.</span> <span class='ocrx_word' id='word_1_139' title='bbox 902 1911 989 1970; x_wconf 90' lang='lat' dir='ltr'>Unde</span> <span class='ocrx_word' id='word_1_140' title='bbox 1009 1929 1054 1972; x_wconf 86' lang='lat' dir='ltr'>se·</span> <span class='ocrx_word' id='word_1_141' title='bbox 1074 1919 1103 1965; x_wconf 81' lang='lat' dir='ltr'>so</span> 
     </span>
     <span class='ocr_line' id='line_1_18' title="bbox 118 2016 1054 2105; baseline -0.011 -17"><span class='ocrx_word' id='word_1_142' title='bbox 118 2025 233 2105; x_wconf 88' lang='lat' dir='ltr'>quitur,</span> <span class='ocrx_word' id='word_1_143' title='bbox 249 2025 418 2083; x_wconf 89' lang='lat' dir='ltr'>humanum</span> <span class='ocrx_word' id='word_1_144' title='bbox 433 2021 534 2081; x_wconf 88' lang='lat' dir='ltr'>Genus</span> <span class='ocrx_word' id='word_1_145' title='bbox 549 2020 660 2098; x_wconf 87' lang='lat' dir='ltr'>optime</span> <span class='ocrx_word' id='word_1_146' title='bbox 675 2038 708 2080; x_wconf 88' lang='lat' dir='ltr'>se</span> <span class='ocrx_word' id='word_1_147' title='bbox 723 2019 835 2080; x_wconf 87' lang='lat' dir='ltr'>habere</span> <span class='ocrx_word' id='word_1_148' title='bbox 849 2037 918 2078; x_wconf 89' lang='lat' dir='ltr'>cum</span> <span class='ocrx_word' id='word_1_149' title='bbox 931 2018 970 2077; x_wconf 90' lang='lat' dir='ltr'>ab</span> <span class='ocrx_word' id='word_1_150' title='bbox 987 2016 1054 2079; x_wconf 91' lang='lat' dir='ltr'>Uno</span> 
     </span>
     <span class='ocr_line' id='line_1_19' title="bbox 117 2125 1054 2210; baseline -0.01 -16"><span class='ocrx_word' id='word_1_151' title='bbox 117 2137 249 2210; x_wconf 78' lang='lat' dir='ltr'>regatur.</span> <span class='ocrx_word' id='word_1_152' title='bbox 272 2128 310 2189; x_wconf 83' lang='lat' dir='ltr'>Et</span> <span class='ocrx_word' id='word_1_153' title='bbox 330 2127 373 2188; x_wconf 92' lang='lat' dir='ltr'>sic</span> <span class='ocrx_word' id='word_1_154' title='bbox 395 2129 435 2190; x_wconf 87' lang='lat' dir='ltr'>ad</span> <span class='ocrx_word' id='word_1_155' title='bbox 460 2128 538 2188; x_wconf 91' lang='lat' dir='ltr'>bene</span> <span class='ocrx_word' id='word_1_156' title='bbox 565 2146 633 2188; x_wconf 89' lang='lat' dir='ltr'>esse</span> <span class='ocrx_word' id='word_1_157' title='bbox 657 2125 762 2188; x_wconf 91' lang='lat' dir='ltr'>mundi</span> <span class='ocrx_word' id='word_1_158' title='bbox 779 2145 905 2188; x_wconf 88' lang='lat' dir='ltr'>necesse</span> <span class='ocrx_word' id='word_1_159' title='bbox 926 2130 972 2188; x_wconf 87' lang='lat' dir='ltr'>est</span> <span class='ocrx_word' id='word_1_160' title='bbox 991 2126 1054 2186; x_wconf 83' lang='lat' dir='ltr'>Mo·</span> 
     </span>
     <span class='ocr_line' id='line_1_20' title="bbox 118 2238 372 2299; baseline -0.028 1"><span class='ocrx_word' id='word_1_161' title='bbox 118 2238 274 2299; x_wconf 75' lang='lat' dir='ltr'>aurelium</span> <span class='ocrx_word' id='word_1_162' title='bbox 296 2251 372 2295; x_wconf 89' lang='lat' dir='ltr'>esse.</span> 
     </span>
    </p>
   </div>
   <div class='ocr_carea' id='block_1_6' title="bbox 485 2337 781 2452">
    <p class='ocr_par' dir='ltr' id='par_1_6' title="bbox 485 2337 781 2452">
     <span class='ocr_line' id='line_1_21' title="bbox 485 2337 781 2452; baseline -0.003 -2"><span class='ocrx_word' id='word_1_163' title='bbox 485 2389 584 2452; x_wconf 76' lang='lat' dir='ltr'>Curnr</span> <span class='ocrx_word' id='word_1_164' title='bbox 600 2389 687 2452; x_wconf 88' lang='lat' dir='ltr'>XVII.</span> <span class='ocrx_word' id='word_1_165' title='bbox 779 2337 781 2342; x_wconf 23' lang='grc' dir='ltr'>Ι</span> 
     </span>
    </p>
   </div>
   <div class='ocr_carea' id='block_1_7' title="bbox 205 2564 978 2621">
    <p class='ocr_par' dir='ltr' id='par_1_7' title="bbox 205 2564 978 2621">
     <span class='ocr_line' id='line_1_22' title="bbox 205 2564 978 2621; baseline -0.006 -9"><span class='ocrx_word' id='word_1_166' title='bbox 205 2569 235 2612; x_wconf 90' lang='lat' dir='ltr'>ln</span> <span class='ocrx_word' id='word_1_167' title='bbox 249 2569 317 2612; x_wconf 86' lang='lat' dir='ltr'>omni</span> <span class='ocrx_word' id='word_1_168' title='bbox 331 2577 420 2621; x_wconf 77' lang='lat' dir='ltr'>genere</span> <span class='ocrx_word' id='word_1_169' title='bbox 434 2565 556 2619; x_wconf 85' lang='lat' dir='ltr'>Optimum</span> <span class='ocrx_word' id='word_1_170' title='bbox 571 2575 625 2608; x_wconf 87' lang='lat' dir='ltr'>esse</span> <span class='ocrx_word' id='word_1_171' title='bbox 640 2564 705 2617; x_wconf 84' lang='lat' dir='ltr'>quod</span> <span class='ocrx_word' id='word_1_172' title='bbox 718 2567 755 2608; x_wconf 85' lang='lat' dir='ltr'>est</span> <span class='ocrx_word' id='word_1_173' title='bbox 768 2565 873 2608; x_wconf 81' lang='lat' dir='ltr'>maxime</span> <span class='ocrx_word' id='word_1_174' title='bbox 887 2565 978 2608; x_wconf 90' lang='lat' dir='ltr'>Unum.</span> 
     </span>
    </p>
   </div>
   <div class='ocr_carea' id='block_1_8' title="bbox 116 2743 1088 3566">
    <p class='ocr_par' dir='ltr' id='par_1_8' title="bbox 116 2743 1088 3566">
     <span class='ocr_line' id='line_1_23' title="bbox 198 2743 1052 2826; baseline -0.008 -15"><span class='ocrx_word' id='word_1_175' title='bbox 198 2752 277 2811; x_wconf 87' lang='lat' dir='ltr'>Item</span> <span class='ocrx_word' id='word_1_176' title='bbox 294 2749 373 2823; x_wconf 89' lang='lat' dir='ltr'>dico,</span> <span class='ocrx_word' id='word_1_177' title='bbox 390 2750 470 2826; x_wconf 89' lang='lat' dir='ltr'>quod</span> <span class='ocrx_word' id='word_1_178' title='bbox 486 2750 591 2810; x_wconf 79' lang='lat' dir='ltr'>Erret</span> <span class='ocrx_word' id='word_1_179' title='bbox 611 2745 705 2806; x_wconf 80' lang='lat' dir='ltr'>Unum</span> <span class='ocrx_word' id='word_1_180' title='bbox 721 2748 751 2804; x_wconf 91' lang='lat' dir='ltr'>et</span> <span class='ocrx_word' id='word_1_181' title='bbox 764 2743 891 2820; x_wconf 80' lang='lat' dir='ltr'>Bonum,</span> <span class='ocrx_word' id='word_1_182' title='bbox 904 2743 1052 2822; x_wconf 82' lang='lat' dir='ltr'>gradatim</span> 
     </span>
     <span class='ocr_line' id='line_1_24' title="bbox 118 2848 1050 2930; baseline -0.015 -12"><span class='ocrx_word' id='word_1_183' title='bbox 118 2877 152 2918; x_wconf 90' lang='lat' dir='ltr'>se</span> <span class='ocrx_word' id='word_1_184' title='bbox 165 2857 282 2918; x_wconf 85' lang='lat' dir='ltr'>habent</span> <span class='ocrx_word' id='word_1_185' title='bbox 296 2855 463 2914; x_wconf 86' lang='lat' dir='ltr'>seeundum</span> <span class='ocrx_word' id='word_1_186' title='bbox 478 2853 616 2930; x_wconf 89' lang='lat' dir='ltr'>quintum</span> <span class='ocrx_word' id='word_1_187' title='bbox 630 2849 754 2912; x_wconf 90' lang='lat' dir='ltr'>modum</span> <span class='ocrx_word' id='word_1_188' title='bbox 769 2848 885 2910; x_wconf 89' lang='lat' dir='ltr'>dicendi</span> <span class='ocrx_word' id='word_1_189' title='bbox 901 2849 1021 2910; x_wconf 75' lang='lat' dir='ltr'>«Prius.</span> <span class='ocrx_word' id='word_1_190' title='bbox 1035 2871 1050 2904; x_wconf 70' lang='grc' dir='ltr'><strong>ι</strong></span> 
     </span>
     <span class='ocr_line' id='line_1_25' title="bbox 118 2953 1051 3036; baseline -0.011 -13"><span class='ocrx_word' id='word_1_191' title='bbox 118 2962 182 3023; x_wconf 88' lang='lat' dir='ltr'>Ens</span> <span class='ocrx_word' id='word_1_192' title='bbox 199 2961 281 3021; x_wconf 90' lang='lat' dir='ltr'>enim</span> <span class='ocrx_word' id='word_1_193' title='bbox 297 2967 406 3021; x_wconf 87' lang='lat' dir='ltr'>natura</span> <span class='ocrx_word' id='word_1_194' title='bbox 422 2957 559 3036; x_wconf 86' lang='lat' dir='ltr'>producit</span> <span class='ocrx_word' id='word_1_195' title='bbox 575 2957 692 3031; x_wconf 92' lang='lat' dir='ltr'>Unum,</span> <span class='ocrx_word' id='word_1_196' title='bbox 710 2955 811 3017; x_wconf 89' lang='lat' dir='ltr'>Unum</span> <span class='ocrx_word' id='word_1_197' title='bbox 831 2973 902 3014; x_wconf 87' lang='lat' dir='ltr'>vero</span> <span class='ocrx_word' id='word_1_198' title='bbox 920 2953 1051 3027; x_wconf 89' lang='lat' dir='ltr'>Bonum;</span> 
     </span>
     <span class='ocr_line' id='line_1_26' title="bbox 118 3063 1051 3140; baseline -0.001 -15"><span class='ocrx_word' id='word_1_199' title='bbox 118 3067 252 3126; x_wconf 84' lang='lat' dir='ltr'>maxime</span> <span class='ocrx_word' id='word_1_200' title='bbox 272 3065 350 3137; x_wconf 85' lang='lat' dir='ltr'>Ens,</span> <span class='ocrx_word' id='word_1_201' title='bbox 371 3063 503 3124; x_wconf 87' lang='lat' dir='ltr'>maxime</span> <span class='ocrx_word' id='word_1_202' title='bbox 525 3068 570 3124; x_wconf 89' lang='lat' dir='ltr'>est</span> <span class='ocrx_word' id='word_1_203' title='bbox 593 3063 709 3140; x_wconf 90' lang='lat' dir='ltr'>Unum;</span> <span class='ocrx_word' id='word_1_204' title='bbox 731 3068 761 3124; x_wconf 90' lang='lat' dir='ltr'>et</span> <span class='ocrx_word' id='word_1_205' title='bbox 780 3063 911 3124; x_wconf 81' lang='lat' dir='ltr'>maxime</span> <span class='ocrx_word' id='word_1_206' title='bbox 936 3063 1051 3138; x_wconf 90' lang='lat' dir='ltr'>Unum,</span> 
     </span>
     <span class='ocr_line' id='line_1_27' title="bbox 118 3169 1088 3248; baseline 0.002 -16"><span class='ocrx_word' id='word_1_207' title='bbox 118 3173 252 3233; x_wconf 86' lang='lat' dir='ltr'>maxime</span> <span class='ocrx_word' id='word_1_208' title='bbox 277 3171 406 3231; x_wconf 88' lang='lat' dir='ltr'>Bonum.</span> <span class='ocrx_word' id='word_1_209' title='bbox 433 3171 471 3232; x_wconf 85' lang='lat' dir='ltr'>Et</span> <span class='ocrx_word' id='word_1_210' title='bbox 498 3172 618 3248; x_wconf 89' lang='lat' dir='ltr'>quando</span> <span class='ocrx_word' id='word_1_211' title='bbox 640 3169 751 3247; x_wconf 89' lang='lat' dir='ltr'>aliquid</span> <span class='ocrx_word' id='word_1_212' title='bbox 773 3190 792 3232; x_wconf 88' lang='lat' dir='ltr'>a</span> <span class='ocrx_word' id='word_1_213' title='bbox 817 3169 949 3232; x_wconf 86' lang='lat' dir='ltr'>maxime</span> <span class='ocrx_word' id='word_1_214' title='bbox 975 3171 1088 3234; x_wconf 67' lang='lat' dir='ltr'>uniet</span> 
     </span>
     <span class='ocr_line' id='line_1_28' title="bbox 117 3275 1053 3358; baseline 0.009 -24"><span class='ocrx_word' id='word_1_215' title='bbox 117 3275 291 3352; x_wconf 83' lang='lat' dir='ltr'>elongatur,</span> <span class='ocrx_word' id='word_1_216' title='bbox 311 3279 395 3335; x_wconf 87' lang='lat' dir='ltr'>tanto</span> <span class='ocrx_word' id='word_1_217' title='bbox 413 3280 442 3336; x_wconf 91' lang='lat' dir='ltr'>et</span> <span class='ocrx_word' id='word_1_218' title='bbox 459 3277 497 3335; x_wconf 90' lang='lat' dir='ltr'>ab</span> <span class='ocrx_word' id='word_1_219' title='bbox 515 3294 582 3335; x_wconf 88' lang='lat' dir='ltr'>esse</span> <span class='ocrx_word' id='word_1_220' title='bbox 603 3275 719 3349; x_wconf 90' lang='lat' dir='ltr'>Unum,</span> <span class='ocrx_word' id='word_1_221' title='bbox 742 3281 771 3337; x_wconf 94' lang='lat' dir='ltr'>et</span> <span class='ocrx_word' id='word_1_222' title='bbox 791 3296 845 3355; x_wconf 90' lang='lat' dir='ltr'>per</span> <span class='ocrx_word' id='word_1_223' title='bbox 864 3298 1053 3358; x_wconf 90' lang='lat' dir='ltr'>consequens</span> 
     </span>
     <span class='ocr_line' id='line_1_29' title="bbox 117 3377 1053 3458; baseline 0 -16"><span class='ocrx_word' id='word_1_224' title='bbox 117 3381 156 3442; x_wconf 84' lang='lat' dir='ltr'>ab</span> <span class='ocrx_word' id='word_1_225' title='bbox 174 3400 243 3441; x_wconf 90' lang='lat' dir='ltr'>esse</span> <span class='ocrx_word' id='word_1_226' title='bbox 261 3379 392 3441; x_wconf 79' lang='lat' dir='ltr'>Bonum.</span> <span class='ocrx_word' id='word_1_227' title='bbox 414 3381 540 3458; x_wconf 87' lang='lat' dir='ltr'>Propter</span> <span class='ocrx_word' id='word_1_228' title='bbox 562 3379 642 3456; x_wconf 92' lang='lat' dir='ltr'>quod</span> <span class='ocrx_word' id='word_1_229' title='bbox 665 3377 695 3438; x_wconf 89' lang='lat' dir='ltr'>in</span> <span class='ocrx_word' id='word_1_230' title='bbox 717 3379 799 3439; x_wconf 91' lang='lat' dir='ltr'>omni</span> <span class='ocrx_word' id='word_1_231' title='bbox 820 3399 930 3457; x_wconf 79' lang='lat' dir='ltr'>genere</span> <span class='ocrx_word' id='word_1_232' title='bbox 950 3401 1053 3444; x_wconf 88' lang='lat' dir='ltr'>rerum</span> 
     </span>
     <span class='ocr_line' id='line_1_30' title="bbox 116 3484 1054 3566; baseline 0 -18"><span class='ocrx_word' id='word_1_233' title='bbox 116 3486 189 3550; x_wconf 92' lang='lat' dir='ltr'>illud</span> <span class='ocrx_word' id='word_1_234' title='bbox 208 3494 256 3549; x_wconf 88' lang='lat' dir='ltr'>est</span> <span class='ocrx_word' id='word_1_235' title='bbox 273 3487 438 3566; x_wconf 88' lang='lat' dir='ltr'>optimum,</span> <span class='ocrx_word' id='word_1_236' title='bbox 457 3487 538 3564; x_wconf 90' lang='lat' dir='ltr'>quod</span> <span class='ocrx_word' id='word_1_237' title='bbox 552 3489 598 3548; x_wconf 89' lang='lat' dir='ltr'>est</span> <span class='ocrx_word' id='word_1_238' title='bbox 615 3484 749 3546; x_wconf 88' lang='lat' dir='ltr'>maxime</span> <span class='ocrx_word' id='word_1_239' title='bbox 768 3486 884 3560; x_wconf 91' lang='lat' dir='ltr'>Unum,</span> <span class='ocrx_word' id='word_1_240' title='bbox 906 3493 937 3548; x_wconf 87' lang='lat' dir='ltr'>ut</span> <span class='ocrx_word' id='word_1_241' title='bbox 959 3489 1054 3548; x_wconf 74' lang='lat' dir='ltr'>Pam</span> 
     </span>
    </p>
   </div>
   <div class='ocr_carea' id='block_1_9' title="bbox 0 0 1302 4038">
    <p class='ocr_par' dir='ltr' id='par_1_9' title="bbox 0 0 1302 4038">
     <span class='ocr_line' id='line_1_31' title="bbox 0 0 1302 4038; baseline 0 0"><span class='ocrx_word' id='word_1_242' title='bbox 0 0 1302 4038; x_wconf 95' lang='lat' dir='ltr'> </span> 
     </span>
    </p>
   </div>
  </div>
 </body>
</html>
