2560 4022
460 247 545 288 mam
563 245 719 291 saturnus.
998 236 1049 290 ’69

114 381 251 440 induere.
269 378 327 436 Per
345 377 426 452 quod
446 381 540 452 patet,
562 378 642 454 quod
661 377 739 455 ipsa,
758 380 795 439 de
810 399 869 456 qua
881 380 1047 458 loquimur,

115 487 172 548 erit
200 482 447 556 conterminatio,
480 483 541 544 sive
573 501 733 562 compages
763 484 897 546 omnium
928 507 1045 564 earum,
1068 503 1093 547 n

113 614 180 672 quae
204 593 308 653 Contio
334 589 425 652 sumit
447 591 485 649 ab
509 593 590 663 arte;
611 588 719 665 quibus
744 587 933 662 devotinem,
954 610 1044 667 quam

113 699 293 776 quaerimuS,
317 695 477 772 descriptio
502 693 668 756 innotescit.
686 694 763 754 Tota
787 692 875 769 igitur
895 713 945 755 ars
971 695 1044 754 Gan-

115 807 201 865 tionis
226 803 309 864 circa
334 803 393 863 tria
420 802 536 862 videtur
562 800 739 874 consistere,
761 800 857 878 primo
881 799 958 860 circa
981 821 1044 862 can·

115 919 162 970 tas
190 912 380 986 divisionem,
412 909 544 969 secundo
571 907 652 968 circa
675 909 810 985 partiam
835 906 1045 986 habitudinem,

116 1013 201 1074 tertia
224 1013 307 1074 circa
330 1031 482 1073 numeram
502 1015 662 1074 carminum
682 1019 712 1074 et
730 1015 917 1092 syllabarum.
941 1014 985 1074 De
1008 1018 1047 1074 ri·
1066 1029 1094 1072 ru

118 1123 201 1182 thimo
220 1140 296 1182 vero
320 1120 505 1181 mentionem
526 1140 587 1180 nan
608 1121 747 1195 facimus,
769 1121 837 1198 quia
862 1123 900 1182 de
924 1120 1046 1200 propria

113 1229 261 1289 Contionis
283 1233 349 1288 arte
375 1246 437 1287 non
460 1233 514 1286 est.
532 1227 613 1286 Licet
630 1225 756 1288 enimin
777 1227 909 1304 qualibet
928 1227 1042 1289 Stantia

111 1334 246 1394 rithimus
268 1333 446 1406 innovare,¹
468 1338 496 1392 et
528 1335 649 1395 eosdem
679 1334 820 1396 reiterare
850 1337 888 1397 ad
914 1335 1042 1412 libitum;

111 1444 201 1518 quod,
225 1441 251 1501 si
274 1441 314 1500 de
340 1440 462 1519 propria
479 1441 624 1502 Cuntionis
640 1449 703 1503 arte
723 1443 860 1505 rithimus
878 1451 957 1507 esset
963 1491 970 1520 ,
987 1447 1041 1508 mi-

108 1552 188 1612 nime
208 1551 334 1622 liceret,
363 1549 443 1625 quod
467 1547 650 1610 dictumest.
671 1549 702 1610 Si
723 1550 793 1628 quid
812 1556 913 1612 antem
933 1552 1043 1613 rithimi
1062 1569 1088 1611 ra

111 1669 235 1710 serrare
255 1649 383 1708 interest
403 1647 492 1724 hujus
511 1648 590 1723 quad
607 1653 652 1707 est
670 1648 755 1720 artie,
773 1650 1040 1726 comprehendetur

107 1758 163 1830 ibi,
183 1776 253 1817 cum
269 1757 405 1817 dicemus
416 1757 551 1832 partiam
571 1756 771 1813 habitudinem.
794 1754 893 1826 Quare
916 1755 963 1815 hic
984 1758 1040 1816 col·

109 1868 206 1945 ligere
230 1885 393 1943 passumus
420 1885 457 1925 ex
482 1863 631 1943 praedictis
654 1863 846 1932 diffinientem
872 1868 901 1922 et
925 1862 1043 1923 dicere:

110 1975 256 2034 Stantmm
274 1993 357 2045 esse,
374 1973 426 2032 snb
448 1977 521 2031 certa
543 1977 628 2031 canta
651 1977 677 2030 et
695 1971 874 2046 habitudine,
890 1969 1041 2030 limitatam

106 2087 271 2145 carminum
288 2090 315 2141 et
331 2081 512 2158 syllabarum
525 2097 690 2157 campum.
1059 2097 1089 2141 30

497 2313 593 2374 Garur
619 2316 654 2376 X.

141 2525 208 2576 Quid
217 2525 249 2567 sii
258 2526 351 2568 cantus
360 2522 475 2576 Stantia,
487 2525 510 2566 et
519 2525 582 2576 quod
591 2525 690 2568 Stantia
699 2526 806 2569 variatur
815 2527 926 2580 pluribus
934 2526 1012 2568 modis

496 2602 521 2644 in
538 2603 664 2646 cantione.

189 2821 330 2883 Scientes
347 2819 427 2896 quod
445 2815 589 2878 rationale
605 2814 715 2875 animal
731 2813 821 2874 homo
839 2819 895 2887 est,
913 2819 942 2875 et
959 2819 1038 2892 quod

114 2927 261 2988 sensibitis
289 2926 393 2986 anima
417 2930 447 2984 et
467 2941 576 3001 corpus
599 2925 645 2981 est
666 2918 793 2992 animal,
816 2923 846 2978 et
868 2919 1038 2996 ignorantes

109 3032 145 3090 de
162 3031 218 3092 hac
238 3029 355 3101 anima,
380 3027 449 3104 quid
472 3047 507 3087 ea
529 3027 577 3100 sit,
601 3027 648 3086 vel
674 3023 716 3100 def
731 3025 796 3102 ipso
818 3044 955 3104 corpore,
974 3048 1036 3106 per·

110 3135 218 3198 factam
242 3135 376 3197 hominis
406 3134 604 3212 cognitionem
634 3134 746 3194 habere
772 3153 833 3196 non
857 3156 1036 3215 possumus;

112 3249 180 3325 quia
197 3247 376 3327 cognitionis
393 3246 535 3325 perfectio
551 3244 783 3323 uniuscujusque
802 3245 978 3306 terminatur
997 3249 1035 3307 ad
1055 3260 1069 3304 s

109 3360 212 3421 ultima
229 3363 395 3432 elementa,
412 3359 489 3420 sicut
506 3359 646 3436 Magister
662 3357 828 3435 sapientum
847 3357 878 3419 in
894 3353 1037 3437 principia

111 3473 301 3550 Physicarnm
318 3475 454 3532 testatur.
470 3472 560 3548 Igitur
576 3471 614 3530 ad
630 3469 800 3532 habendam
818 3468 968 3531 Contionis
984 3488 1034 3528 ca·

109 3577 287 3653 gnitionem,
302 3596 394 3654 quam
410 3576 571 3651 inhiamus,
586 3595 666 3638 nunc
683 3577 855 3639 diffinientia
872 3594 959 3636 suum
985 3575 1035 3634 dif-
