2560 4022
214 175 250 230 ed
484 182 522 224 nn
540 181 667 224 runcari
685 179 877 230 nnoounrrn.

216 319 303 390 lium,
321 313 450 388 Livium,
468 313 611 386 Plinium,
629 312 818 386 Frontinum,
840 312 968 373 Paulum
990 309 1151 385 Orosium,

218 437 248 491 et
267 431 378 491 multos
396 428 483 502 alios,
501 447 577 506 quos
600 428 697 489 amice
713 427 842 489 solitudo
864 447 920 488 nos
937 426 1057 488 visitare
1078 427 1155 488 invi-

218 541 271 597 tat.
284 537 438 598 Desistant
451 556 521 614 ergo
534 537 707 614 ignorantiae
722 542 887 599 sectatores
898 535 1066 597 Guidonem
1077 533 1155 595 Are-

173 658 201 704 70
219 644 329 718 tinum,
347 652 376 706 ct
393 645 541 722 quosdam
555 643 628 704 alios
643 643 833 718 extollentes,
846 663 1002 720 nunquam
1015 641 1048 704 in
1063 661 1155 704 voca-

219 747 299 808 bulis
317 752 407 826 atque
425 749 646 809 constructione
664 749 805 811 desuetos
821 750 1006 829 plebescere.

598 987 696 1050 Girur
718 991 776 1051 Vll.

329 1162 387 1246 Quse
397 1194 446 1236 sint
455 1193 566 1246 ponenda
576 1192 710 1248 vocabula,
722 1197 746 1238 et
755 1206 811 1248 quae
821 1196 847 1239 in
856 1198 934 1240 metro
944 1197 1043 1248 Vulgari

557 1274 644 1317 cadere
654 1285 702 1317 non
712 1277 822 1328 possunt.

232 1504 237 1513 ·
305 1470 470 1533 Grandiosa
486 1472 577 1532 modo
594 1471 745 1533 vocabula·
755 1473 811 1533 sub
827 1473 969 1550 praeelato
983 1473 1050 1535 stilo
1066 1474 1158 1552 digna

223 1579 401 1653 consistere,
423 1577 592 1640 successiva
619 1581 729 1638 nostrae
757 1579 975 1656 progressionis
1003 1581 1158 1658 provincia

222 1686 347 1750 lucidari
363 1687 542 1766 expostulat.
560 1685 733 1759 Testamur,
748 1686 873 1764 proinde
890 1685 1077 1765 incipientes,
1094 1709 1157 1750 non

224 1791 384 1854 minimum
418 1812 493 1871 opus
525 1811 593 1854 esse
620 1793 743 1853 rationis
767 1793 978 1855 discretionem
999 1796 1157 1858 vocabulo-

192 1917 204 1959 5
223 1917 292 1961 rum
305 1900 432 1974 habere,
447 1899 589 1978 quoniam
606 1901 762 1978 perplures
779 1922 883 1962 eorum
898 1902 1013 1980 species
1030 1902 1158 1965 inveniri

224 2025 315 2084 posse
334 2006 480 2065 videmus.
501 2005 579 2065 Nam
605 2006 820 2066 vocabulorum
845 2008 984 2083 quaedam
1008 2009 1157 2086 puerilia,

226 2111 364 2188 quaedam
379 2111 543 2186 muliebrio,
557 2111 695 2186 quaedam
712 2113 832 2186 cirilia;
847 2113 1000 2175 ethorum
1016 2115 1156 2191 quaedam

225 2217 384 2293 silvestria,
402 2217 540 2292 quaedam
557 2219 691 2292 urbana;
708 2223 875 2296 eteorum,
893 2241 959 2300 quae
976 2224 1093 2284 urbana
1110 2242 1159 2284 vo·

228 2344 345 2398 camus,
362 2325 501 2401 quaedam
511 2344 590 2402 peno
607 2329 637 2385 et
657 2327 781 2404 lubrico,
799 2328 939 2404 quaedam
955 2331 1051 2388 irsuta
1068 2333 1099 2389 et
1114 2347 1158 2390 re-

179 2442 207 2486 10
226 2435 318 2495 burro
340 2432 500 2494 sentimus:
526 2431 603 2492 inter
624 2451 691 2508 quae
714 2431 835 2508 quidem
850 2451 929 2510 pecc
951 2436 1041 2508 atque
1063 2434 1158 2500 irrata

227 2544 297 2602 sunt
319 2538 382 2613 illa,
400 2557 467 2617 quae
483 2557 627 2598 vocamus
649 2539 1044 2617 praeciosa:1ubricavero
1063 2543 1093 2600 et
1114 2558 1157 2598 re·

228 2649 319 2708 burro
340 2665 481 2706 vocamus
505 2645 569 2720 illa,
591 2641 710 2724 quae'in
732 2647 918 2724 superfluum
943 2629 1061 2708 sonant.
1083 2647 1159 2722 Que-

229 2753 425 2814 madmodum
441 2750 625 2812 inhumanis
644 2751 797 2829 operibus,
816 2749 955 2827 quaedam
965 2748 1158 2827 magnanimi·

231 2860 298 2922 tatis
311 2864 386 2922 sunt
403 2879 506 2938 opera,
525 2859 664 2936 quaedam
679 2856 769 2932 fumi3
786 2857 853 2932 ubi,
870 2857 941 2918 licet
953 2857 984 2918 in
1001 2856 1158 2935 superficie

183 2979 208 3024 15
228 2968 350 3048 quidam
367 2969 572 3030 consideretur
588 2967 768 3038 adscensus,
788 2984 825 3026 ex
842 2984 901 3042 quo
923 2963 1050 3025 limitata
1066 2964 1155 3024 virtu·

226 3075 264 3136 tis
280 3074 359 3134 linea
375 3074 603 3150 praevaricatur,
620 3073 700 3134 bona
708 3071 823 3134 ratione
834 3077 897 3134 non
913 3074 1091 3147 adscensus,
1106 3073 1158 3132 sed

230 3202 285 3263 per
298 3183 359 3243 alla
371 3181 493 3243 declivia
504 3183 590 3246 ruina
603 3183 760 3244 constabit.
775 3183 922 3246 Intuenris
937 3202 1024 3261 ergo,
1039 3181 1158 3252 Lector,

232 3291 379 3368 quantum
407 3287 447 3348 ad
474 3289 676 3350 exacueranda
705 3291 823 3368 egregia
849 3290 943 3351 verba
972 3296 1003 3350 te
1030 3285 1159 3348 cribrare

232 3397 362 3473 oportet:
379 3393 489 3453 namsi
507 3395 630 3472 Vulpore
645 3395 761 3456 Illustre
776 3393 962 3466 consideres,
978 3411 1038 3470 quo
1052 3389 1161 3468 tragice

184 3518 212 3564 ro
232 3505 343 3566 debent
369 3498 413 3563 uti
439 3502 538 3562 Poetae
558 3501 718 3577 Vulgares,
741 3506 773 3561 ut
798 3496 936 3576 superins
965 3494 1076 3556 dictum
1101 3497 1160 3564 est,
