2590 4038
181 130 235 188 232
357 125 359 128 ’
532 145 571 184 nu
590 145 770 188 uouendum.

185 273 334 336 dilucidat.
351 271 406 334 Cui
423 291 493 350 ergo
509 272 640 334 maxime
657 281 740 335 recta
757 272 874 334 dileetio
887 271 986 334 inesse
1000 279 1118 352 potest,

184 379 374 459 potissimum
393 379 492 439 locum
510 378 541 438 in
561 379 611 439 illo
628 385 728 458 potest
743 379 856 440 habere
870 379 1001 440 lustitia:
1016 380 1120 457 hujus-

137 495 165 542 70
185 481 266 542 modi
291 485 337 541 est
365 481 545 541 Menarchus
570 501 655 558 ergo,
683 501 718 542 eo
746 482 904 556 existente,
926 483 1043 544 lustitia
1067 503 1118 562 po·

184 589 301 652 tissima
319 596 377 662 est,
394 589 443 649 vel
460 608 528 649 esse
545 594 653 667 potest.
673 589 760 662 Quod
777 593 878 648 autem
899 597 983 650 recta
999 589 1117 650 dilectio

186 693 276 756 faciat
296 695 377 772 quod
398 693 511 754 dictum
532 699 590 768 est,
612 695 682 754 hinc
704 703 807 774 patere
832 701 940 774 potest.
963 695 1119 774 Cupiditas

185 822 332 880 namque,
347 800 487 863 societate
501 797 659 860 hominum
678 806 791 878 spreta,
812 798 918 876 quaerit
941 797 1016 871 alia3
1042 798 1118 860 Cha·

184 909 259 971 ritas
281 929 364 982 vero,
381 906 490 985 spretis
512 906 577 967 aliis
601 903 754 976 omnihuS‚
774 903 879 982 quaerit
899 904 998 964 Deum
1015 903 1045 964 ¹et
1065 904 1116 966 ho·

139 1028 166 1072 75
184 995 313 1087 minem,
336 1020 366 1073 et
386 1031 439 1090 per
461 1030 650 1089 consequens
672 1011 787 1069 bouum
812 1008 951 1071 hominis.
978 1009 1117 1087 Cumque

185 1122 263 1183 inter
279 1121 336 1182 alia
359 1121 439 1202 bona
462 1117 591 1178 hominis
608 1114 799 1195 potissimum
817 1115 854 1176 sit
874 1114 904 1174 in
925 1134 1000 1194 pace
1016 1115 1117 1178 vivere

186 1230 232 1306 (ut
255 1244 347 1304 supra
370 1223 552 1298 dicebatur),
577 1228 605 1283 et
629 1223 688 1284 hoc
710 1227 849 1298 operetur
871 1221 1001 1282 maxime
1025 1227 1117 1300 atque

185 1330 339 1410 potissime
354 1330 486 1403 lustitia,
503 1331 640 1390 Claritas
654 1329 785 1389 maxime
797 1331 813 1390 J
816 1329 946 1389 ustitiam
956 1329 1116 1406 vigorabit,

185 1446 215 1500 et
233 1438 331 1518 potior
347 1437 455 1514 potius
473 1436 510 1497 Et
529 1437 609 1513 quod
627 1437 795 1496 Monarclroe
812 1434 943 1495 maxime
960 1435 1117 1498 hominum

136 1559 165 1604 80
184 1548 265 1604 recta
286 1535 402 1603 dilectio
425 1542 525 1602 inesse
546 1542 666 1614 debeat,
690 1549 772 1618 patet
792 1540 840 1601 sic
860 1541 956 1602 Omne
978 1541 1116 1619 diligibile

183 1655 267 1712 tauto
288 1649 383 1726 magis
403 1649 548 1726 diligitur,
566 1653 679 1724 quanto
701 1647 896 1728 propinquius
913 1652 959 1710 est
977 1648 1117 1725 diligenti.

184 1751 245 1812 Sed
267 1751 403 1812 homines
426 1751 622 1830 propinquius
644 1753 810 1814 Monarclccc
831 1761 913 1826 sunt,
936 1775 1028 1832 quam
1053 1756 1117 1817 aliis

184 1841 384 1935 Principibus:
407 1855 484 1934 Ergo
507 1857 545 1916 ab
569 1876 604 1918 eo
627 1856 758 1917 maxime
776 1859 949 1936 diliguntur,
970 1861 1018 1922 vel
1039 1860 1118 1940 diligi

184 1939 303 2024 debent.
320 1961 422 2022 Prima
443 1960 602 2020 manifesta
621 1969 682 2034 est,
700 1962 725 2021 si
750 1970 858 2024 natura
876 1964 1070 2042 passivorum
1086 1973 1117 2028 et

139 2078 165 2124 85
184 2067 351 2130 aulicorum
364 2065 580 2126 consideretur.
595 2066 733 2140 Secunda
750 2087 804 2145 per
817 2069 875 2128 hoc
890 2076 1027 2148 apparet,
1047 2071 1117 2149 quia

184 2169 370 2247 Principibus
397 2169 461 2230 aliis
485 2169 621 2229 homines
649 2189 711 2230 non
736 2173 976 2250 appropinquant
1002 2175 1059 2236 nisi
1084 2176 1117 2238 in

74 2357 76 2362 ,
183 2279 282 2356 parte,
310 2277 479 2336 Monarchae
502 2295 573 2336 vero
601 2278 769 2336 secundum
796 2285 901 2340 totum.
928 2279 966 2340 Et
990 2300 1113 2344 rursus:

182 2381 319 2444 homines
346 2382 532 2462 Principibus
560 2383 623 2444 aliis
650 2385 891 2463 appropinquant
910 2407 971 2466 per
992 2390 1113 2450 Monar-

182 2487 279 2564 chum,
297 2494 326 2548 et
339 2507 402 2548 non
416 2508 432 2548 e
450 2507 613 2564 converso;
632 2495 661 2550 et
678 2489 720 2550 sic
733 2511 787 2568 per
800 2493 882 2569 prius
898 2501 927 2554 et
940 2493 1115 2558 immediate

134 2611 163 2655 90
182 2595 351 2656 Monarchoe
366 2593 445 2654 inest
462 2613 534 2653 cura
552 2594 589 2653 de
608 2594 763 2668 omnibus;
779 2595 842 2655 aliis
860 2601 962 2656 autem
977 2596 1116 2676 Principi-

181 2704 239 2763 bus
256 2723 310 2780 per
329 2691 535 2778 Monarclram,
552 2719 587 2760 eo
606 2700 686 2776 quod
703 2689 776 2759 cura
792 2699 927 2776 ipsorum
944 2719 1048 2760 ecura
1064 2700 1115 2762 illa

182 2830 324 2889 suprema
339 2809 501 2871 descendit.
511 2809 681 2881 'Praeterea,
698 2811 809 2885 quanto
827 2827 920 2868 causa
935 2815 981 2868 est
994 2809 1113 2870 univer·

182 2915 285 2989 salior,
303 2921 387 2978 tanto
412 2915 507 2992 magis
532 2915 624 2974 habel
648 2913 794 2974 rationem
817 2931 931 2974 eausae:
951 2913 1020 2990 quia
1040 2913 1112 2976 inle-

181 3023 241 3083 rior
261 3041 323 3083 non
345 3026 391 3082 est
413 3039 520 3091 causa,
541 3017 599 3078 nisi
619 3037 672 3096 per
693 3019 890 3093 superiorem,
911 3021 944 3077 ut
969 3020 1053 3092 patet
1074 3035 1112 3080 ex

133 3143 159 3186 95
179 3127 213 3188 iis
237 3147 302 3204 quae
324 3128 361 3187 de
374 3101 495 3186 'causta
517 3124 553 3183 Et
575 3129 687 3200 quanto
709 3121 803 3198 magis
825 3128 982 3182 causaest
1004 3141 1110 3199 causa,

180 3232 264 3288 tanto
290 3228 386 3303 magis
408 3229 546 3288 ellectum
566 3225 670 3303 diligit,
688 3244 758 3286 cum
779 3223 894 3284 dilectio
916 3225 984 3285 talis
1005 3246 1110 3304 sequa·

178 3337 229 3392 tur
250 3349 374 3390 causam
392 3351 446 3409 per
468 3351 510 3390 se.
534 3330 612 3391 Cum
634 3351 704 3408 ergo
722 3332 883 3392 Monarcho
900 3332 939 3394 sit
959 3333 1111 3397 universa·

179 3435 293 3498 lissima
307 3457 400 3498 causa
416 3437 492 3499 inter
509 3441 668 3514 mortales,
684 3445 716 3500 ut
738 3440 875 3502 homines
900 3443 977 3504 bene
995 3441 1096 3504 vivant
