2578 4038
382 577 553 652 LIBER
591 572 836 651 TERTIUS.

229 779 380 828 QUALITER
399 779 535 820 OFFICIUM
555 778 744 834 MOMMHIAE,
764 777 828 818 SIVE
845 778 972 831 IMPERII,

373 876 525 920 DEPENDET
547 878 565 917 Α
587 877 643 917 DEO
665 876 834 919 luuuumru.

508 1506 642 1567 Garun
676 1508 697 1566 L

524 1719 679 1762 Prooemium.

215 1929 362 1990 Oouelmit
377 1950 431 1990 ora
446 1932 586 2010 Leonum,
603 1938 628 1992 et
644 1945 702 1991 nou
717 1940 873 1992 nocuerant
893 1934 983 2011 anili,
1000 1936 1069 2012 quta

127 2054 232 2096 eoram
247 2037 292 2096 Eo
301 2039 424 2113 justitio
443 2039 556 2098 inventa
575 2044 616 2098 est
637 2039 670 2098 in
689 2057 740 2098 me.
762 2038 795 2097 ln
817 2037 959 2115 priucipio
979 2039 1068 2117 hujus

129 2137 243 2217 Operis
263 2139 451 2217 propositum
470 2141 525 2201 luit
552 2142 589 2203 de
613 2143 708 2204 tribus
735 2144 961 2222 questionibus,
979 2149 1067 2226 p‘rout

131 2243 262 2304 materia
274 2249 437 2321 pateretur,
451 2245 609 2323 inquirere.
620 2249 664 2309 De
675 2269 804 2326 quarum
818 2253 935 2313 duabus
950 2251 1068 2331 primis,

132 2350 163 2412 in
186 2351 392 2429 superioribus
413 2351 510 2424 libris,
533 2358 565 2412 ut
586 2355 687 2428 eredo,
711 2356 893 2419 sufficienter
913 2366 1068 2437 peractum
1089 2373 1101 2418 o

130 2468 190 2521 est.
208 2458 295 2518 Nunc
311 2465 413 2519 autem
430 2459 468 2519 de
487 2459 575 2519 tertia
595 2462 690 2519 restat
711 2462 869 2536 agendum.
892 2460 985 2539 Cujus
1007 2463 1070 2540 qui·

133 2548 218 2628 dem¹
236 2565 360 2639 veritas,
388 2563 458 2642 quia
486 2564 550 2626 sine
577 2567 688 2626 rubore
715 2567 884 2643 aliquorum
914 2587 1067 2646 emergere

131 2671 252 2749 nequit,
273 2669 398 2730 forsitan
413 2670 537 2747 alicujus
550 2667 759 2744 indignationis
777 2686 869 2729 causa
882 2668 912 2727 in
933 2688 983 2729 me
1004 2670 1068 2731 erit.

132 2777 196 2838 Sed
213 2776 337 2854 quiade
353 2777 461 2837 throno
477 2773 654 2835 immutabili
668 2792 723 2833 suo
741 2773 856 2834 Veritas
874 2775 1065 2853 deprecatum

132 2890 164 2943 et
190 2881 335 2942 Salomon
354 2879 460 2954 etiam,
484 2880 600 2958 sylvam
628 2879 860 2940 Proverbiorum
879 2878 1064 2957 ingrediens,
1086 2899 1115 2944 io
1208 2938 1210 2941 ,

133 2986 341 3048 meditandam
365 2984 522 3046 veritatem
543 2987 574 3042 et
598 2981 724 3060 impium
752 2983 963 3042 detestandum
983 3002 1065 3055 esse,

133 3093 281 3153 santonos
294 3093 395 3165 doeet;
410 3109 445 3150 ao
459 3089 628 3165 Praeceptor
642 3106 762 3148 morum
771 3089 978 3165 Philosophus,
991 3110 1006 3141 ι
1017 3089 1065 3163 fa·

134 3196 265 3254 miliario
281 3195 436 3254 deserendo
446 3213 506 3270 pro
520 3195 635 3254 ueritate
648 3196 749 3254 suadet
756 3216 794 3271 5»
817 3196 978 3275 adsumpta
991 3196 1065 3258 fidu·

132 3297 181 3358 cia
198 3297 235 3357 de
255 3295 354 3357 verbis
375 3297 505 3359 Danielis
525 3298 701 3375 praemissis,
720 3300 750 3360 in
768 3301 874 3379 quibus
892 3304 990 3366 divina
1010 3307 1064 3367 Po·

136 3401 229 3464 tenu'a
248 3402 378 3481 Clypeus
400 3405 593 3465 defensorum
609 3405 747 3469 Veritatis
773 3410 953 3484 adstruitur,
979 3412 1109 3489 juxtam

133 3509 330 3573 monitionem
340 3511 433 3585 Pauli
441 3513 510 3586 fidei
517 3509 636 3572 loricam
649 3513 772 3573 induens
782 3515 817 3573 ln
826 3515 918 3574 calore
930 3515 1064 3574 corbonis
