2556 4032
250 175 284 230 78
520 187 556 227 nn
574 186 699 227 runcum
718 186 907 234 nnooumrm.

256 304 426 364 Secundum
435 321 506 363 vero
517 309 562 362 est
571 301 636 379 ipsa
646 299 755 362 inutilis
765 299 964 377 aequivocatio,
977 317 1042 376 quae
1054 319 1180 378 semper

206 423 232 469 75
254 411 409 472 sententiae
427 410 585 488 quicquam
601 410 744 485 derogare
764 407 894 482 videtum
913 413 943 467 et
958 407 1080 466 tertium
1093 409 1179 466 ritha'-

256 536 369 577 morum
389 515 547 595 asperitas,
565 513 621 574 nisi
640 515 716 576 forte
737 515 775 574 sit
793 512 906 574 lenitati
921 511 1083 590 permixta:
1103 532 1179 572 nam

250 621 374 682 lenium
390 639 626 700 asperorumque
641 622 824 680 rithimorum
838 620 967 680 mixtura
980 618 1044 696 ipsa
1063 622 1179 698 Traqoe·

253 727 307 786 dia
325 725 451 787 nitescit.
465 725 502 786 Et
517 726 580 784 haec
593 725 630 785 de
646 725 718 786 Arte
732 732 820 802 prout
836 725 1029 784 habitudinem
1040 724 1176 802 respicit,

251 839 370 897 tantum
386 833 544 896 sufficiant.

618 1012 714 1073 ciam
734 1015 807 1073 XIV.

380 1157 415 1199 De
424 1167 524 1200 numero
536 1157 684 1200 carminum
693 1159 717 1200 et
731 1158 890 1210 Syllabarum
899 1159 925 1200 in
934 1158 1039 1202 Stantia.

328 1311 374 1370 Ex
391 1329 450 1388 quo
465 1329 531 1388 quae
546 1314 615 1369 sunt
629 1310 701 1370 artis
715 1311 746 1370 in
761 1311 896 1371 Contione
907 1312 979 1372 satis
994 1309 1179 1371 sufficienter

250 1418 453 1491 tractavimus
477 1437 557 1478 nunc
577 1421 614 1480 de
634 1419 721 1479 tertio
742 1416 856 1479 videtur
881 1435 948 1476 esse
973 1415 1176 1486 tractandum,

249 1524 383 1586 videlicet
403 1528 440 1587 de
456 1545 582 1588 numero
609 1529 771 1587 carminum
796 1531 826 1586 et
848 1525 1032 1603 syllabarum.
1059 1523 1097 1582 Et
1122 1522 1179 1600 pri-

249 1651 299 1692 mo
328 1635 493 1694 secundum
513 1638 608 1694 totam
627 1634 772 1694 Stantiam
793 1632 894 1692 videre
914 1633 1030 1708 oportet
1051 1628 1176 1704 aliquid,

216 1747 229 1792 ὁ
251 1741 281 1794 et
298 1733 408 1811 aliquid
429 1735 570 1809 dividere,
589 1738 669 1812 quod
689 1743 793 1814 postea
810 1737 976 1823 secundum
992 1743 1093 1813 partes
1112 1736 1177 1813 ejus

250 1839 425 1903 videbimus.
439 1842 548 1903 Nostra
559 1862 630 1920 ergo
643 1843 738 1921 primo
752 1842 842 1903 refert
856 1841 1063 1902 discretionem
1077 1841 1178 1901 facere

249 1945 326 2007 inter
348 1967 395 2020 ea,
410 1967 476 2024 quae
499 1949 634 2008 canenda
655 1952 825 2021 occurrunt,
847 1949 916 2024 quia
937 1947 1075 2024 quaedam
1095 1949 1177 2007 Stan-

250 2055 298 2112 tioe
313 2053 513 2130 prolixitatem
528 2053 666 2114 videntur
686 2061 840 2132 appetere,
859 2054 996 2129 quaedam
1011 2071 1088 2112 non:
1107 2071 1179 2113 cum

251 2177 286 2218 ea
303 2176 370 2233 quae
386 2157 520 2218 canimus
541 2166 660 2232 cuncta,
678 2161 725 2218 vei
745 2159 822 2220 circa
843 2162 981 2222 dextrum
997 2160 1109 2237 aliquid
1130 2162 1178 2222 vel

201 2281 230 2326 40
250 2261 404 2322 sinistrum
427 2282 583 2338 canamus,
604 2270 637 2325 ut
659 2267 838 2344 quandoque
858 2267 1060 2346 persuasorie,
1083 2288 1177 2346 quan·

250 2377 348 2454 doque
369 2378 560 2454 dissuasoria,
579 2383 758 2459 quandoque
774 2384 971 2459 gratulanter,
993 2383 1176 2460 quandoque

250 2483 372 2556 ironice,
399 2486 578 2564 quandoque
602 2487 800 2562 laudabiliter,
822 2490 1002 2566 quandoque
1023 2493 1175 2566 contemp·

250 2589 309 2650 tire
332 2609 440 2650 canere
457 2591 608 2671 contingit.
623 2593 695 2666 Quae
711 2595 789 2654 circa
806 2595 959 2655 sinistrum
980 2599 1050 2655 sunt
1067 2595 1173 2666 verba,

254 2715 372 2774 semper
393 2700 431 2759 ad
450 2704 618 2762 extremum
637 2700 790 2774 festinent,
806 2708 835 2760 et
852 2701 909 2761 alia
926 2702 1041 2762 decenti
1054 2702 1175 2780 proiixi-

204 2821 231 2863 m
251 2813 313 2869 tate
330 2809 443 2885 passim
459 2807 579 2870 veniant
596 2809 634 2869 ad
651 2812 858 2868 extremum...
