2578 4038
610 211 647 253 DE
666 211 845 252 nouandum.

343 339 469 416 Propter
483 339 563 414 quod
576 356 695 416 semper
709 337 870 397 videndum
883 335 945 410 est,
964 335 1095 414 quidest
1111 339 1191 414 quod
1220 349 1223 356 ’
1272 389 1273 410 ,

265 443 384 521 signum
404 441 572 503 universale
591 442 683 502 habet
704 441 894 503 distribuere:
917 459 976 518 quo
997 440 1075 515 viso,
1105 441 1192 502 facile
1272 457 1273 464 ¹

265 551 420 630 apparebit
447 557 594 628 quantum
620 570 675 611 sua
701 549 867 610 distributio
894 549 1047 622 dilatetur,
1075 549 1194 628 cognita

265 666 373 719 natura
390 663 419 718 et
436 659 551 718 ambitu
566 655 684 718 termini
701 655 857 716 distributi.
876 655 961 715 Unde
982 673 1053 715 oum
1070 655 1191 715 dicitur:
1272 689 1273 736 4

218 770 246 816 50
265 765 462 842 Quodcumque
487 765 631 841 lipuccris,
659 762 684 822 si
713 761 771 821 hoc
800 762 991 838 quodcumque
1020 765 1192 820 sumeretur
1272 827 1273 840 χ

265 868 416 941 absolute,
433 887 538 928 verum
555 874 636 929 esset
653 870 733 945 quod
750 869 862 929 dicunt:
886 874 915 929 et
935 888 997 928 non
1019 870 1120 930 sotum
1137 871 1193 930 hoc
1272 859 1273 890 ³

264 973 361 1034 iacere
384 980 500 1050 posset,
526 974 598 1052 quin
621 975 710 1036 etiam
732 977 848 1036 solvere
867 995 994 1037 uxorem
1014 997 1033 1037 a
1057 959 1135 1051 viro,
1162 986 1192 1039 et

263 1083 355 1160 ligare
379 1085 478 1162 ipsam
503 1085 599 1158 alteri,
621 1083 737 1144 vivente
757 1084 868 1162 primo,
892 1084 972 1162 quod
997 1085 1192 1147 nullomodo
1272 1149 1273 1152 ,

263 1193 371 1264 potest.
387 1188 494 1248 Posset
509 1188 598 1250 etiam
615 1191 731 1252 solvere
748 1211 797 1251 mc
814 1212 874 1252 non
891 1194 1100 1271 poenitentem,
1112 1195 1193 1272 quod
1272 1171 1273 1184 ἵ

216 1299 242 1346 ³5
263 1293 356 1354 etiam
376 1293 475 1354 facere
491 1293 555 1372 ipse
576 1297 656 1356 Deus
674 1315 736 1358 non
756 1303 868 1376 posset.
889 1298 966 1358 Cum
988 1319 1057 1376 ergo
1080 1299 1123 1360 ita
1140 1299 1191 1372 sit,

263 1398 457 1460 manifestum
473 1405 537 1474 est,
555 1404 635 1478 quod
656 1422 717 1463 non
738 1406 875 1466 absolute
900 1407 1047 1486 sumenda
1069 1412 1116 1468 est
1145 1407 1193 1468 illa
1272 1431 1273 1444 ³

264 1503 446 1580 distributio,
468 1508 522 1568 sed
543 1509 708 1585 respective
729 1512 767 1570 ad
790 1511 908 1587 aliquid.
931 1512 1007 1586 Quid
1024 1518 1129 1574 autem
1144 1514 1192 1574 illa
1272 1539 1273 1592 p

263 1607 413 1686 respiciat,
432 1597 504 1670 satis
523 1615 569 1670 est
586 1611 718 1688 evidens,
742 1615 928 1678 considerato
953 1618 1003 1679 illo
1029 1621 1111 1697 quod
1139 1619 1193 1680 sibi
1272 1595 1273 1642 3

263 1715 450 1790 conceditur,
467 1719 543 1778 circa
558 1721 638 1796 quod
654 1719 703 1781 illa
718 1715 885 1804 distributio
901 1723 1099 1800 subjungitur.
1117 1723 1192 1784 Dicit
1272 1739 1273 1742 ’

216 1834 246 1880 4ο
266 1824 346 1884 enim
361 1823 498 1884 Christus
518 1825 622 1885 Petro:
644 1825 707 1884 Tibi
722 1825 794 1884 dubo
811 1823 907 1884 Otaces
923 1826 1016 1903 Repuc'
1033 1825 1192 1901 Goetorum5
1272 1879 1273 1902 ,

257 1931 319 1992 *hoo
337 1938 396 1994 est:
419 1934 542 1993 Faciam
566 1939 592 1992 te
619 1933 777 1992 Ostiorc'um
797 1933 888 2009 Requi
907 1931 1056 1991 Coelcrum.
1079 1929 1191 1990 Deinde
1272 1923 1273 1982 ἶ

262 2039 375 2100 subdit:
395 2042 434 2099 Et
454 2041 659 2118 quodcumque,
677 2041 748 2114 eto,
770 2036 849 2113 quod
871 2039 928 2094 est:
951 2035 1039 2094 Omne
1054 2035 1133 2110 quod
1152 2035 1192 2093 od
1272 2033 1273 2092 i

262 2149 340 2206 istud
359 2146 485 2220 officium
503 2146 652 2222 spectabit,
672 2144 776 2216 solvere
789 2144 899 2220 poteris
920 2149 946 2202 ct
971 2143 1073 2218 lipare.
1095 2141 1133 2201 Et
1150 2140 1191 2200 sic

263 2251 381 2330 signum
395 2250 577 2325 universale,
592 2252 671 2328 quod
685 2249 843 2311 includitur
856 2249 886 2308 in
900 2249 1094 2326 quodcumque
1100 2292 1111 2325 ,
1124 2265 1192 2306 con·
1272 2231 1273 2242 ἵ

214 2369 245 2415 46
263 2353 391 2414 trahitur
406 2354 437 2413 in
455 2373 510 2414 sua
530 2354 739 2416 distributione
762 2355 800 2415 ab
820 2354 917 2415 officio
940 2354 1077 2415 Clarium
1097 2355 1192 2432 Regni
1272 2333 1273 2370 ss

263 2459 422 2524 Coelorum.
444 2463 481 2522 Et
501 2463 544 2523 sio
563 2463 764 2535 adsumendo,
783 2481 854 2522 vera
875 2464 921 2521 est
939 2459 988 2520 illa
1008 2460 1190 2538 propositio:

262 2573 398 2633 absolute
415 2591 501 2644 vero,
525 2593 598 2647 non,
621 2580 654 2634 ut
674 2577 764 2651 patet.
787 2572 823 2632 Et
842 2572 909 2633 ideo
930 2571 1014 2645 dico,
1037 2571 1118 2648 quod
1138 2570 1192 2631 etsi

263 2677 426 2738 Successor
443 2677 536 2752 Petri,
554 2679 720 2740 secundum
738 2671 916 2756 exigentiam
932 2676 1021 2737 officii
1037 2675 1193 2736 commissi

263 2782 368 2856 Petro,
385 2783 479 2861 possit
497 2784 612 2844 solvere
629 2788 658 2844 et
671 2782 779 2859 ligare:
799 2789 975 2842 nontamen
992 2785 1118 2860 propter
1136 2782 1191 2842 hoc

214 2905 243 2951 60
263 2889 408 2968 sequitur,
424 2891 504 2967 quod
519 2892 615 2969 possit
629 2891 744 2950 solvere
759 2909 813 2950 seu
826 2889 917 2966 ligare
932 2888 1054 2949 decreta
1063 2889 1193 2966 'Imperii
1272 2887 1273 2890 ’

263 2997 325 3059 sive
340 2999 435 3075 leges,
457 3003 490 3059 ut
510 2997 565 3076 ipsi
588 2997 742 3058 dicebant:
760 2994 816 3056 nisi
843 2996 965 3056 ulterius
992 2996 1189 3074 probaretur,

263 3101 321 3162 hoc
335 3107 473 3180 spectare
487 3105 526 3164 ad
543 3103 674 3165 officium
688 3101 835 3176 Clarium,
852 3104 936 3180 cujus
951 3101 1139 3185 contrarium
1150 3101 1192 3162 in·
1272 3083 1273 3120 t

263 3205 354 3267 ferius
371 3211 553 3270 ostendetur.
