2556 4032
496 211 654 255 eonnenn.
935 153 938 158 Ι
994 197 1049 254 157

84 319 148 394 pria
161 321 190 376 di
201 321 313 391 Dante,
329 323 345 378 b
363 327 434 379 stata
452 327 554 380 initae
569 324 628 380 eolo
644 339 660 378 e
675 339 788 394 sempre
806 322 901 378 l’Arte
920 324 965 379 del
983 339 1051 379 cen-

84 413 217 467 oeneoole
232 429 250 467 e
265 413 506 484 rappresentatire
520 429 537 469 a
551 430 651 484 segne,
665 414 717 469 ebe
731 412 777 468 del
790 414 862 484 fatto
877 413 899 468 il
912 414 976 469 dire
989 427 1049 470 non

85 502 201 558 doresse
216 501 276 560 mai
291 517 386 557 essere
401 502 532 558 diverso:
548 502 730 572 Inf.‚xxx11,
746 502 792 558 12.

375 740 523 798 Caelrono
538 741 575 799 II.
590 772 627 783 -
641 743 707 815 Peg.
722 741 767 798 52.

155 946 221 1002 Lin.
241 945 270 1002 5.
290 947 394 1004 Primo
415 945 620 1019 reperiendam
641 952 683 1002 eet
700 947 743 1017 id,
761 946 838 1020 quod
856 937 1052 1017 intellipa'mm

80 1053 139 1109 per
148 1037 222 1092 {uod
232 1037 313 1110 quod
322 1035 461 1105 dicimus,
471 1037 592 1108 diynum
603 1053 661 1092 eree
667 1077 677 1106 ,
688 1039 764 1110 qaod
773 1037 937 1110 dignitatem
948 1036 1049 1104 babet,

82 1127 162 1184 sicat
170 1127 279 1195 nobile,
292 1127 369 1199 qnod
378 1126 566 1196 nobilitatem
578 1133 605 1182 et
616 1127 667 1196 sie,
677 1127 788 1200 coyniio
800 1128 985 1197 bcbituante,
997 1125 1051 1180 ba·

82 1217 226 1274 bimatum
244 1215 436 1288 oopnoecitocr,
454 1216 486 1269 in
508 1220 651 1287 quantum
665 1217 770 1286 hujus:
787 1216 863 1272 unde
878 1217 994 1288 capnitc
1008 1213 1050 1268 di-

82 1307 205 1378 gnitate,
218 1322 419 1378 copnoacemue
430 1310 459 1361 et
471 1305 598 1376 dignum.
614 1307 639 1360 A
651 1306 693 1361 cib
705 1323 758 1362 con
770 1311 870 1379 trappa
881 1306 975 1362 huone
986 1303 1052 1358 iede

84 1396 110 1450 s’
119 1399 208 1451 aiiese
222 1395 245 1449 il
259 1393 400 1465 Trireine,
414 1393 604 1450 traducendo:
619 1395 727 1451 Prima
742 1396 757 1450 e
771 1397 811 1452 da
823 1401 937 1451 trevere
950 1393 1047 1465 quelle

83 1485 139 1540 cbo
152 1485 204 1540 noi
218 1483 397 1551 intendente,
414 1484 532 1555 qnando
545 1484 668 1555 dicemo,
681 1484 773 1554 degne
785 1499 875 1539 essere
890 1485 988 1556 quella
1003 1502 1049 1541 coa

83 1591 134 1644 aa,
145 1575 196 1629 obe
207 1575 249 1630 ba
262 1575 385 1646 dignita,
396 1575 515 1631 siccome
526 1578 541 1630 e
553 1575 646 1630 nobile
656 1577 751 1647 quello
760 1576 811 1630 che
823 1576 863 1631 bc
875 1577 995 1646 nobilia,
1008 1590 1048 1636 ee.

82 1664 132 1718 Ma
151 1665 186 1719 ne
205 1663 226 1718 il
242 1664 397 1734 Fraticelli‚
413 1666 449 1720 nb
463 1670 540 1720 tanto
555 1680 639 1720 meno
657 1664 678 1718 il
695 1663 791 1733 Torri,
809 1663 833 1718 si
851 1664 966 1721 diedero
979 1681 1053 1739 pene

84 1753 159 1810 siero
174 1753 204 1808 di
224 1753 400 1809 raddrizzare
419 1760 518 1826 questa
537 1753 658 1820 lenione,
680 1752 771 1807 dende
790 1769 848 1808 non
866 1754 890 1808 si
914 1757 1052 1825 potrebbe

81 1843 203 1898 inierire
217 1843 304 1913 altro,
316 1857 347 1897 ee
356 1857 413 1898 non
424 1844 476 1898 ohe
489 1843 578 1898 Dante
592 1857 687 1898 avesse
700 1843 793 1897 voluto
805 1841 931 1898 definiroi
947 1846 1052 1914 qual’e

83 1933 186 2006 quella
195 1949 273 2001 coac,
285 1933 336 1987 obe
345 1933 396 1987 noi
403 1932 581 1988 cbicmiomo
592 1931 692 2002 degne.
703 1931 727 1987 ll
743 1932 809 2002 che,
820 1932 984 2003 perventa,
995 1949 1053 1989 non

83 2037 231 2080 oonenona
239 2022 285 2077 col
295 2021 379 2090 fatto,
393 2023 429 2076 ne
441 2021 502 2076 ooll’
510 2021 667 2076 intenzione
677 2026 826 2076 accennata
835 2021 1052 2078 dall'Autere.ll

84 2112 168 2185 quale
186 2111 240 2182 qui
257 2111 323 2164 vien
341 2125 358 2163 a
375 2108 493 2166 chiarire
507 2109 559 2164 ohe
575 2125 639 2164 cose
653 2108 766 2180 imperti
780 2111 807 2164 la
821 2111 918 2182 parole
937 2111 1046 2183 dapne,

83 2200 170 2256 affine
187 2199 219 2254 di
237 2203 319 2269 poter
338 2198 436 2271 quindi
454 2198 643 2254 determinare
661 2198 681 2253 il
699 2200 852 2270 significato
872 2201 900 2256 di
924 2202 1050 2273 dioniib.

85 2289 165 2345 Onda
189 2289 212 2342 il
235 2288 360 2343 Bbhmer
377 2288 632 2358 ragionevolmente
650 2288 797 2345 e’indusse
816 2307 833 2345 a
851 2292 908 2346 ooei
925 2292 1050 2348 ravviare

84 2380 153 2452 quel
168 2395 252 2452 passo
269 2378 298 2434 di
310 2379 399 2434 molto
414 2378 558 2448 intrigato:
576 2379 708 2435 (Primo
725 2380 933 2450 reperiendum
947 2387 988 2437 ert
1002 2382 1051 2452 ic,

84 2468 167 2542 quod
185 2468 375 2540 intellipimuo
390 2484 448 2540 per
465 2468 541 2522 illoc
559 2468 635 2540 quod
652 2469 776 2524 dicimus
794 2470 911 2540 dignum
931 2489 998 2528 esee.
1017 2473 1051 2528 Si

85 2556 204 2627 dignum
224 2561 266 2611 eet
284 2557 361 2628 quod
378 2556 541 2628 dignitatem
558 2557 657 2627 babet,
676 2558 750 2612 sicut
768 2557 862 2614 nobile
881 2559 958 2627 quod
973 2558 1052 2613 nobi·

85 2645 212 2714 litatem3
223 2651 250 2701 ei
259 2645 301 2716 oi,
316 2646 427 2717 oopm'to
439 2645 537 2702 habitu
550 2651 628 2713 ante,
637 2645 813 2700 habituatum
828 2646 1008 2716 copnosoitor
1018 2647 1051 2702 in

87 2741 231 2806 quantum
245 2734 349 2804 bujae;
362 2735 447 2804 inde,
459 2735 573 2806 oopniia
585 2733 738 2805 dicacitate,
754 2749 950 2805 copnoecemor
965 2740 992 2789 et
1006 2735 1051 2792 di*

87 2841 189 2894 poam.
206 2841 222 2878 n
239 2823 351 2878 Benohe
364 2823 393 2878 di
407 2823 456 2895 qui
464 2829 541 2879 tanto
553 2827 658 2896 quanto
667 2821 687 2876 il
698 2838 779 2878 senso
792 2822 867 2884 torni
877 2823 1048 2894 pinchiaro‚

86 2929 142 2968 non
157 2913 199 2968 mi
212 2912 327 2968 sembra
337 2913 453 2968 tuitavia
465 2914 517 2968 che
530 2914 557 2968 le
569 2913 786 2968 raffazzonatnre
800 2912 844 2967 del
857 2911 941 2966 Teste
954 2928 1052 2982 proce·

85 3001 368 3071 danoabuonmodo,
375 3019 454 3058 come
462 3019 520 3058 non
530 3002 553 3058 si
560 3007 685 3058 mostran
692 3000 851 3058 accettevoli
860 3000 1048 3072 pienamente.

85 3089 192 3160 Insani,
204 3108 257 3148 ore
272 3091 381 3147 sacciasi
394 3097 556 3146 avvertenza
566 3108 582 3146 a
593 3091 687 3162 quello
697 3091 748 3145 che
762 3088 873 3144 abbiam
881 3095 1051 3161 premostra·

85 3185 129 3249 to,
145 3181 173 3236 le
186 3181 298 3254 parole:
318 3181 468 3253 «clipeum
481 3197 549 3235 cese.
563 3178 598 3234 Si
609 3180 726 3250 dignum
741 3184 782 3234 est
796 3180 872 3251 quod
887 3179 1050 3250 dignitatem

85 3269 187 3338 babet,
210 3277 277 3340 ete,
300 3288 314 3325 r
338 3271 395 3326 mal
420 3270 441 3325 e’
455 3271 608 3326 accordano
634 3257 766 3338 insieme,
786 3270 985 3341 specialmente
1003 3272 1050 3344 poi

85 3359 138 3414 che
155 3375 215 3415 non
233 3361 261 3414 v'
270 3359 413 3432 apparisce
431 3360 540 3431 precisa
558 3359 585 3414 la
603 3359 722 3430 risposta
747 3359 801 3416 alla
819 3353 986 3433 precedente
1004 3361 1051 3415 in-

86 3448 282 3521 vestigazione.
300 3449 403 3516 Quindi
422 3450 503 3504 eche
516 3454 614 3522 questa
628 3449 696 3502 deve
711 3447 741 3503 in
759 3450 850 3522 prima
864 3449 1050 3506 determinar-

87 3539 126 3608 εἰ,
143 3537 359 3594 oonobiudendo
373 3537 393 3592 il
407 3537 522 3594 relativo
539 3537 652 3610 periodo
668 3552 720 3593 con
735 3539 919 3611 adipeam.»
937 3537 999 3592 Coei
1012 3551 1050 3592 ne
