2590 4038
477 211 564 254 uaau
581 187 738 253 succubus.
829 185 832 192 ’
1018 196 1073 254 255

135 333 272 396 avaritiae
288 332 459 407 resistendi,
478 353 549 395 cum
564 355 680 414 pauper
697 335 841 410 existens,
858 355 912 415 pro
931 337 989 399 lide
1011 355 1072 414 qua

136 441 323 522 Reipublicae
349 441 525 514 tenebatur,
553 441 618 522 auri
643 443 757 518 grande
786 443 905 522 pondus
935 443 1071 504 oblatum

137 548 259 622 derisit,
282 567 319 610 ac
340 546 484 619 derisum,
505 546 598 606 verba
619 545 675 607 sibi
701 547 906 610 convenientia
926 547 1069 622 fundens,

136 655 278 734 despexit
292 661 323 715 et
336 653 494 714 refutavit?
506 654 605 732 Hujus
619 654 798 716 memoriam
813 642 971 717 confirmat
985 658 1073 718 Poeta
1092 675 1121 721 70

101 837 103 841 ,
137 770 246 824 noster
271 761 302 821 in
326 767 419 838 secto,
440 778 510 820 cum
526 741 668 820 caneret:
689 758 837 838 Parcaque
852 767 994 838 potentem
1014 759 1070 820 Fa-

137 867 276 926 bricium.

223 969 377 1048 Numquid
390 989 452 1029 non
465 968 641 1048 praeferendi
655 970 736 1046 leges
750 971 876 1049 propriis
892 969 1070 1044 commodis,

139 1075 340 1139 memorabile
353 1073 440 1135 nobis
459 1075 612 1154 exemplar
629 1074 771 1137 Camillus
788 1075 862 1137 fuit?
879 1077 947 1152 Qui,
966 1095 1071 1138 secun·

141 1187 217 1247 dum
232 1184 360 1256 Livium,
380 1183 540 1244 damnatus
558 1182 657 1256 exilio,
676 1191 837 1262 postquam
854 1182 983 1263 patriam
1001 1183 1071 1246 libe·
1092 1194 1120 1241 76

140 1287 219 1351 ravit
234 1289 406 1362 obsessam,
418 1292 448 1349 et
461 1287 556 1365 spolia
570 1287 660 1348 etiam
673 1307 800 1348 romana
813 1287 916 1348 Romae
929 1287 1070 1361 restituit,

141 1397 283 1458 universo
301 1384 411 1473 populo
428 1393 626 1467 reclamante,
644 1394 682 1454 ab
700 1393 781 1454 Urbe
799 1401 904 1455 sancta
921 1391 1072 1468 discessit,

141 1521 201 1563 nec
215 1508 286 1563 ante
299 1521 439 1563 reversus
453 1505 515 1580 est,
530 1520 621 1578 quam
635 1500 691 1560 sibi
702 1499 886 1578 repatriandi
901 1499 1018 1577 licentia
1034 1501 1072 1560 de

143 1605 323 1667 auctoritate
339 1606 468 1668 Senatus
485 1607 576 1666 allata
589 1613 679 1667 esset.
696 1605 734 1667 Et
749 1606 831 1666 hunc
845 1605 1072 1683 magnanimum

58 1763 61 1770 .
142 1713 232 1773 Poeta
248 1712 442 1772 commendat
457 1711 488 1772 in
505 1719 597 1789 secto,
614 1729 684 1772 cum
701 1709 781 1772 dicit:
799 1711 975 1786 Refermtem
990 1713 1074 1791 cipali
1093 1720 1122 1766 so

144 1817 307 1878 Camillum.

225 1921 334 1984 Nonne
354 1921 445 1996 lilios,
463 1942 503 1984 an
530 1941 592 1983 non
619 1942 724 1984 ornnes
751 1923 824 1986 alios
850 1925 1075 2004 postponendos

143 2029 249 2108 patriae
269 2029 414 2104 libertati,
431 2031 543 2090 Brutus
564 2031 612 2090 ille
633 2030 747 2108 primus
765 2031 896 2106 edocuit,
917 2051 1008 2110 quem
1028 2029 1075 2092 Li·

143 2138 211 2199 vius
232 2134 317 2209 dicit,
340 2135 488 2197 &aculem
507 2137 684 2214 existentem,
696 2139 834 2214 proprios
852 2139 927 2212 filios
945 2157 1009 2198 cum
1029 2137 1076 2199 aa

143 2247 237 2320 atibus
249 2245 447 2322 cermpirantes
461 2245 547 2304 morti
559 2244 693 2304 dedisse?
702 2244 795 2322 Cujus
809 2245 901 2323 gloria
915 2249 1076 2306 renovatur
1098 2246 1125 2292 ⁸5

145 2353 178 2414 in
192 2360 272 2413 acceto
288 2353 389 2413 Poetae
406 2351 513 2426 nostri,
532 2352 569 2412 de
588 2350 653 2430 ipso
670 2351 818 2414 canentis:

275 2559 283 2574 .
305 2561 312 2574 .
334 2560 341 2572 .
364 2560 371 2574 .
391 2517 533 2588 Notosque
547 2521 628 2589 pater
642 2533 714 2571 nova
728 2516 802 2571 bella
817 2521 961 2570 moventes

272 2607 317 2662 Ad
329 2623 441 2679 poenam
454 2608 571 2678 pulchra
585 2622 636 2678 pro
651 2606 778 2662 libertate
793 2604 908 2659 vocabit.

231 2781 309 2856 Quid
325 2801 386 2844 non
402 2783 576 2843 audendum
591 2799 645 2860 pro¹
662 2779 770 2858 patria,
785 2775 872 2838 nobis
886 2773 995 2836 Mutius
1012 2794 1077 2855 per·
1098 2827 1100 2832 .

147 2890 258 2965 suasit,
278 2909 347 2951 oum
361 2890 515 2952 incautum
531 2890 697 2950 Porsenam
713 2883 832 2958 invasit,
844 2902 879 2944 ac
894 2881 1002 2942 deinde
1016 2900 1077 2942 ma·
1097 2891 1126 2936 90

148 3017 225 3059 num
250 3017 352 3078 suam,
377 3015 437 3074 qua
464 2997 648 3068 aberrasset,
667 2993 801 3055 nonalia
828 2991 912 3052 vultu
938 2987 1078 3067 quamsi

148 3101 270 3164 hostem
298 3101 424 3163 cruciari
449 3099 574 3172 videret,
592 3097 717 3160 cremari
737 3093 918 3175 aspiciebat?
935 3094 1021 3168 Quod
1047 3099 1077 3156 et

151 3203 249 3268 Livius
266 3205 431 3267 admiratur
448 3206 642 3268 testificando.

231 3311 384 3398 Accedant
400 3307 683 3390 illaedsacratissimae
699 3306 825 3369 victimae
841 3308 1010 3384 Deciorum,
1027 3309 1077 3388 qui

149 3437 205 3497 pro
217 3418 314 3480 salute
324 3417 444 3498 publica
458 3419 581 3479 devotas
596 3415 713 3478 animas
727 3421 892 3494 posuerunt
906 3419 951 3493 (ut
962 3415 1082 3492 Livius,¹
1097 3426 1124 3471 95

149 3543 212 3585 non
229 3529 378 3601 quantum
394 3529 441 3588 est
458 3525 593 3601 dignum,
611 3523 663 3584 sed
682 3529 828 3601 quantum
845 3523 953 3602 potuit,
972 3522 1078 3602 glorifi-
