2578 4038
446 264 531 306 crana
550 267 684 310 ruamus.
976 253 1026 310 nal

91 388 245 450 viderint?
265 391 457 470 Quapropter
471 413 541 454 curn
561 396 632 456 solis
651 397 832 458 concertatio
853 404 961 470 restat,
981 396 1031 474 qui

91 494 213 572 aliquali
232 498 302 557 zelo
320 517 390 575 erga
403 499 530 562 Matrem
541 495 710 565 Ecclesiam
727 505 820 578 ducti,
836 505 946 583 ipsam,
964 523 1031 581 quae

90 599 256 675 quaeritur,
276 600 434 663 veritatem
449 605 595 679 ignorant.
610 608 687 668 Cum
705 609 812 686 quibus
828 609 879 670 illa
896 629 1031 671 reveren·
1052 623 1082 667 so

91 701 129 762 tia
142 704 262 779 fretus,
281 725 374 784 quam
387 707 453 785 pius
468 709 545 770 lilius
561 712 649 772 debet
664 711 756 787 Patri,
769 733 860 791 quam
874 715 939 791 pius
954 715 1031 776 filius

92 807 194 882 Matri,
210 811 286 887 pius
302 811 334 871 in
351 812 516 888 Christum,
531 817 597 894 pius
611 819 641 878 in
657 820 836 896 Ecclesiam,
850 821 916 900 pius
933 822 964 883 in
978 824 1031 883 Pa·

91 920 220 988 storem,
238 916 311 994 pius
325 917 355 978 in
372 939 477 980 omnes
492 922 694 986 Christianam
708 928 880 1006 religionem
893 929 1032 1008 proliten-

92 1023 149 1093 tes,
166 1041 227 1100 pro
247 1024 349 1084 salute
365 1025 504 1087 Veritatis
519 1027 551 1087 in
566 1027 624 1089 hoc
640 1027 716 1091 libro
733 1040 887 1094 certamen
903 1031 1020 1111 incipio.

494 1289 591 1351 Carus
612 1293 659 1352 lV.

101 1481 151 1526 Duo
161 1483 314 1527 Luminaria
322 1495 420 1536 magrra,
433 1480 488 1538 quae
498 1486 562 1529 Deus
571 1487 641 1541 lectt,
653 1497 684 1529 an
696 1488 823 1538 allegorice
834 1488 1024 1540 significaverint

301 1563 350 1607 duo
360 1566 498 1617 Regimina,
508 1566 637 1619 spirituale
647 1570 672 1609 et
680 1567 828 1619 Temporale.

172 1773 228 1834 lsti
246 1791 334 1845 vero,
351 1773 390 1834 ad
407 1793 482 1850 quos
500 1773 556 1834 erit
569 1777 633 1834 tota
646 1772 806 1850 disputatio
823 1792 967 1850 sequens,
982 1775 1032 1834 ad·

95 1879 234 1936 serentes
258 1853 468 1937 auctoritatem
488 1877 611 1953 Imperii
631 1876 669 1935 ab
692 1877 866 1938 auctoritate
890 1877 1031 1939 Ecclesiae

97 1978 284 2057 dependere,
307 1983 388 2043 velut
415 1983 522 2044 artifex
546 1983 669 2044 inferior
693 1984 841 2061 dependet
864 1985 902 2044 alr
929 1984 1031 2045 Archi-

95 2091 188 2163 tecto,
213 2089 352 2168 pluribus
369 2095 399 2150 et
420 2089 543 2150 diversis
566 2089 750 2166 argumentis
771 2095 937 2152 moventur.
959 2092 1031 2165 Quae

97 2194 219 2269 quidem
237 2199 276 2256 de
294 2196 388 2256 Sucro
408 2197 564 2271 Scriptura
580 2193 712 2268 eliciunt,
736 2199 765 2254 et
792 2195 829 2255 de
850 2195 1032 2272 quibusdam
1053 2213 1065 2255 a

99 2301 186 2375 gestis
209 2309 276 2363 tam
294 2301 411 2364 Summi
428 2303 587 2377 Pontificio,
604 2321 696 2378 quam
716 2300 809 2379 ipsius
826 2303 1031 2379 Imperatore·
1066 2343 1071 2354 ·

99 2419 157 2466 uon
173 2409 296 2468 nullum
313 2426 385 2468 vero
401 2407 535 2468 Rationis
553 2407 694 2468 indicium
710 2407 823 2468 habere
838 2407 981 2468 nituntur.

174 2513 288 2574 Dicunt
310 2513 390 2573 enim
410 2513 521 2592 primo,
549 2515 716 2574 secundum
737 2512 924 2590 scripturam
946 2513 1032 2571 Gene-

100 2629 171 2694 seos,
187 2617 270 2694 quod
285 2615 366 2677 Deus
380 2616 450 2676 fecit
465 2617 525 2676 duo
538 2635 648 2693 magna
662 2619 858 2694 luminaria,
871 2616 1032 2677 Luminare

101 2721 196 2799 majus
218 2728 250 2782 et
270 2721 432 2782 Luminare
452 2721 566 2792 minuS,
591 2724 624 2778 ut
646 2719 774 2780 alterurn
793 2723 938 2796 praeesset
958 2717 1081 2791 dici,.1o

101 2828 129 2881 et
144 2828 275 2888 alterurn
292 2827 381 2888 nocti.
393 2828 466 2900 Quae
476 2823 633 2901 allegorice
649 2823 727 2883 dicta
745 2843 812 2884 esse
828 2823 1030 2900 intelligebant

101 2925 156 2990 ista
172 2934 232 2993 duo
250 2931 419 3010 Regimina,
437 2932 594 3008 Spirituola
611 2937 640 2990 ct
660 2931 832 3006 Temporule.
976 3005 978 3008 Ι

179 3040 307 3112 Deinde,
323 3040 403 3116 quod
416 3037 671 3114 quemadmodum
682 3036 781 3107 Luna,
795 3053 862 3111 quae
877 3037 923 3095 est
934 3034 1030 3094 Lumi-

104 3153 172 3200 nare
186 3141 301 3215 minus,
319 3161 381 3202 non
395 3143 487 3202 habet
499 3143 610 3215 lucem,
628 3141 685 3203 nisi
699 3147 786 3220 prout
800 3141 902 3219 recipit
916 3161 934 3202 a
947 3141 1031 3215 Sole,

105 3243 144 3304 sic
169 3249 225 3308 ne'c
253 3248 391 3326 Regnum
412 3249 577 3326 temporale
603 3247 820 3310 Auctoritatem
844 3248 951 3323 habet,
974 3248 1078 3310 nisio

106 3359 190 3423 prout
206 3354 311 3433 recipit
327 3375 346 3416 a
362 3354 509 3432 spirituali
525 3354 689 3433 Regimine.

180 3460 307 3538 Propter
332 3462 426 3536 hanc,
459 3468 489 3523 et
515 3469 637 3543 propter
665 3462 740 3524 alias
762 3483 865 3525 eorum
889 3464 1031 3525 Rationes

107 3561 326 3644 dissolvendas,
355 3573 601 3668 praenotandum,
631 3572 731 3647 quod,
759 3571 835 3632 sicut
861 3572 1033 3649 Philosopho
