2578 4038
202 179 269 234 ,318
573 189 610 230 nn
629 186 808 230 nonancnm.

216 319 233 358 ο
258 299 387 373 dipnitc'r:
406 300 508 369 Gonn,
528 289 556 368 1}
576 299 610 366 23
630 300 712 367 Pan,
732 311 778 366 x1,
799 297 829 366 53
846 310 901 367 x11,
923 296 968 352 83.
991 299 1035 354 Ne
1055 300 1102 369 poi
1123 300 1183 371 egli

217 392 344 463 riputava
367 405 436 444 vera
460 406 475 443 e
496 392 625 460 perfetta
649 385 803 457 Filosofia,
831 401 941 441 senon
966 388 1063 457 quella
1089 389 1181 443 chee

216 484 348 548 generata
364 493 419 549 per
436 476 537 532 coesto
556 476 727 544 solamente,
747 489 804 529 non
819 490 876 545 per
893 474 994 530 utilite
1010 491 1111 531 ovvero
1123 493 1184 547 per

216 567 332 623 diletto:
349 567 451 636 Gonn,
469 580 518 634 111,
536 565 580 620 11.

288 655 333 712 23.
350 656 386 710 In
398 656 547 727 proposito
561 658 618 718 est,
633 652 707 707 hanc
723 651 861 722 (notitiam
871 651 1108 724 Monarchiae)de
1118 655 1182 710 suis

218 749 369 803 enucleare
385 744 675 812 latibulis.1ncogni1a
691 760 706 798 e
721 758 851 810 nasoosa,
869 743 921 798 che
933 759 981 798 era
994 744 1025 799 la
1040 746 1128 800 verite
1138 747 1182 801 in-

217 839 300 890 torno
310 835 364 889 alla
379 833 552 890 Monarchia
564 832 610 886 dol
624 829 742 899 Mondo,
760 830 780 884 il
793 836 888 886 nostro
901 831 1007 887 Autore
1021 833 1045 886 si
1060 850 1182 905 propose

219 922 248 977 di
263 924 472 979 rintrocciorla
491 939 507 978 e
522 922 657 977 metterlo
672 920 703 974 in
719 925 830 991 operto.
848 917 889 973 Ed
907 919 937 973 in
952 921 1046 976 efferto
1062 923 1094 976 su
1109 939 1183 978 sem-

217 1026 268 1081 pro
288 1027 340 1065 sno
359 1011 451 1066 studio
467 1027 482 1065 e
498 1009 637 1064 virissima
653 1023 720 1062 cura
738 1007 767 1061 di
781 1011 930 1078 penetrare
949 1009 976 1062 le
993 1010 1104 1065 latebre
1120 1027 1137 1066 o
1153 1012 1183 1066 le

218 1099 324 1169 riposte
348 1099 455 1167 cagioni
474 1115 490 1153 e
509 1098 629 1168 regioni,
656 1098 707 1152 che
726 1096 763 1165 gli
791 1097 921 1152 celerano
937 1097 957 1150 il
971 1114 1059 1167 nero,
1084 1100 1113 1154 la
1136 1099 1183 1156 oui

219 1183 369 1254 ignoranza
389 1202 441 1256 per
464 1185 544 1241 solito
569 1186 607 1255 gli
629 1185 703 1240 davo
721 1201 842 1256 pererro,
862 1186 1058 1242 contrastando
1079 1188 1107 1242 al
1129 1204 1182 1244 suo

219 1288 288 1343 gran
304 1273 443 1328 desiderio
459 1275 488 1328 di
502 1291 613 1346 sapere:
627 1275 729 1344 Purg.,
743 1289 795 1341 xx,
812 1273 877 1344 145;
895 1275 1052 1344 Par.,x1x,
1070 1275 1117 1332 67.

290 1360 335 1415 24.
359 1361 393 1416 Ut
408 1362 521 1418 utiliter
535 1363 644 1418 meando
657 1363 843 1434 percipilem,
863 1367 916 1418 eto.
938 1363 1089 1419 L’eocelso
1108 1365 1185 1420 Gan·

219 1453 280 1504 tore
291 1452 488 1521 pernorrendo
503 1469 591 1524 acque
605 1469 663 1507 non
677 1468 756 1507 corso
770 1452 846 1522 mai,
863 1468 969 1524 poneva
988 1451 1060 1506 allor
1075 1451 1185 1524 compi-

218 1545 315 1595 mento
335 1541 362 1595 al
380 1557 459 1596 sacro
478 1541 582 1596 Poema
600 1541 633 1596 in
647 1557 706 1612 pro
725 1540 771 1596 del
789 1541 894 1595 Mende
914 1541 963 1594 che
982 1542 1046 1596 mol
1065 1541 1146 1608 vive,
1165 1558 1182 1596 e

217 1630 337 1686 facevasi
355 1631 492 1701 rivolgere
511 1629 557 1686 dal
573 1631 708 1702 mappior
726 1629 818 1686 Pietro
838 1636 936 1700 queste
960 1631 1037 1700 gravi
1062 1632 1176 1702 parole:

218 1717 246 1772 E
264 1724 313 1787 tu,
329 1720 456 1792 fipliuol,
475 1721 524 1774 che
539 1737 596 1792 per
615 1722 641 1776 lo
662 1721 769 1775 morta!
782 1721 879 1790 pondo
896 1721 991 1776 Anoor
1008 1719 1061 1790 pio'o
1082 1725 1183 1776 torne-

217 1808 281 1878 ναί,
296 1811 365 1881 apri
378 1811 408 1865 lo
421 1813 518 1877 bocco,
529 1811 556 1865 Ε
568 1827 626 1866 non
641 1809 780 1865 accendor
792 1811 857 1880 quel
870 1808 913 1862 ch‘
922 1808 948 1862 io
964 1809 1181 1864 conascendo:

217 1895 412 1968 Par.,xxvr1,
429 1899 473 1954 65.
490 1900 523 1953 ln
538 1899 603 1969 ogni
625 1903 768 1965 concetto‚
787 1897 817 1951 in
837 1896 902 1966 ogni
918 1896 1029 1968 parole,
1050 1912 1104 1966 per
1122 1913 1181 1954 non

217 1983 297 2054 dire,
314 1985 344 2039 in
362 1987 427 2055 ogni
446 1993 559 2040 accento
579 1985 695 2040 de'suoi
714 1985 821 2054 Scritti,
843 1986 932 2040 Dante
946 2001 1033 2056 seppe
1052 1985 1181 2042 lasoiarvi

218 2073 309 2128 sicura
325 2072 465 2127 edistinta
479 2074 506 2127 la
520 2073 634 2144 propria
649 2077 767 2144 stampe.

289 2160 333 2216 25.
344 2161 480 2217 Arduum
488 2164 617 2234 quidem,
627 2165 727 2232 serino,
738 2162 923 2235 pinttostoche
932 2180 945 2216 r
953 2161 1090 2216 Arduum
1097 2162 1183 2234 quip-

217 2263 286 2318 pe,n
298 2250 501 2321 comepiacque
511 2252 539 2306 nl
549 2253 645 2308 wine.
658 2253 787 2308 Sebbeno
797 2254 817 2308 l’
825 2269 880 2307 nna
890 2269 905 2307 e
915 2253 1010 2307 l’altra
1021 2251 1128 2305 lenione
1139 2251 1181 2306 sia

218 2336 395 2404 egualmente
410 2345 561 2409 approvato
575 2339 620 2394 dni
640 2339 748 2409 Codioi,
765 2341 792 2395 la
807 2341 897 2411 prima
912 2340 952 2393 mi
970 2340 995 2394 si
1008 2345 1117 2394 mostra
1132 2340 1181 2411 pin

218 2427 361 2482 conforme
376 2429 403 2482 al
419 2435 544 2486 comesto
557 2430 604 2485 del
620 2431 753 2486 discorso.
768 2431 799 2485 L’
809 2447 906 2502 opera,
924 2431 968 2485 cui
984 2431 1179 2501 s‘accingeva,

218 2531 267 2571 era
283 2515 373 2570 diram
389 2517 500 2585 ardua,
519 2536 534 2573 e
549 2520 694 2590 superiore
707 2519 761 2573 alle
770 2519 884 2589 proprie
900 2519 973 2574 forze
984 2535 1069 2590 parve
1082 2536 1099 2573 a
1112 2519 1178 2587 Lui,
1283 2549 1284 2563 .

218 2606 271 2660 che
286 2606 310 2660 si
325 2606 485 2661 confessam
500 2607 527 2661 d’
538 2624 630 2662 essere
646 2607 666 2661 il
681 2607 804 2663 minimo
820 2613 865 2662 tra
879 2607 889 2661 i
903 2608 998 2662 veraci
1011 2608 1182 2679 filoooscnti.
1282 2663 1283 2675 ,

219 2692 319 2749 Percio
333 2695 402 2750 colle
413 2696 509 2766 parole
524 2695 588 2750 dell’
596 2697 730 2768 Apostolo
743 2695 817 2751 della
827 2695 982 2767 speranza,
995 2712 1011 2750 e
1023 2712 1083 2751 non
1095 2711 1180 2752 senaa

216 2780 311 2837 bnona
324 2783 435 2852 fiducia,
446 2783 576 2839 invocaro
586 2785 686 2854 l’ajuto
696 2783 725 2838 di
737 2784 802 2851 Dio,
818 2802 832 2837 c
844 2783 1030 2856 Principium
1041 2786 1177 2842 veritatis

217 2875 246 2926 et
260 2870 385 2928 Lumen:
402 2891 415 2928 n
433 2873 535 2938 Quaest.
552 2874 586 2929 de
604 2873 695 2929 Terra
710 2879 736 2930 et
751 2874 849 2944 Aqua,
864 2873 893 2928 in
907 2873 1066 2930 Proaemio.

497 3108 641 3164 Cermoro
656 3108 692 3162 11.
709 3137 743 3150 —
758 3105 825 3178 Peg.
841 3107 904 3163 218.

288 3330 351 3385 Lin.
367 3331 395 3385 1.
414 3331 573 3387 Videndum
588 3338 644 3402 est,
659 3332 729 3404 quid
742 3331 912 3404 temporalis
927 3330 1091 3386 Monarchia
1106 3330 1182 3386 dieo·

216 3423 276 3473 tor.
293 3419 346 3484 Qui
357 3426 433 3474 certo
447 3420 470 3474 si
485 3427 622 3490 prometto
634 3422 662 3476 di
672 3422 749 3477 voler
762 3422 856 3494 poscia
868 3437 962 3476 necare
975 3421 1001 3476 ln
1012 3419 1181 3475 definizione

214 3505 292 3561 dena
311 3507 495 3579 Monarchio‚
511 3509 554 3565 far
568 3510 626 3566 cioe
639 3527 786 3568 conoscere
800 3512 852 3567 che
868 3525 932 3566 cosa
947 3509 1062 3582 imperti
1077 3514 1182 3581 questo
