2578 4038
578 195 616 235 DE
636 197 814 240 hortandum.

612 474 709 536 Carus
730 475 776 534 lll.

337 684 391 726 Tria
403 682 599 726 adversariorum
608 693 709 734 genem
721 683 785 726 etde
796 684 884 738 nimia,
895 695 970 736 quem
983 685 1056 728 multi

453 761 631 804 Traditiouihus
645 763 768 817 tribuunt,
780 764 938 808 Auctcrltate.

310 987 344 1046 ln
368 986 489 1047 introitu
511 988 552 1048 ad
578 987 774 1064 quaestionem
795 986 874 1047 hanc
898 991 1004 1049 notare
1026 993 1159 1068 oportet,

229 1095 310 1168 quod
336 1093 440 1170 primae
471 1092 642 1170 quaestionis
667 1093 783 1153 Veritas
809 1092 904 1170 magis
936 1093 1159 1155 manifestanda

228 1200 283 1260 fuit
300 1201 338 1259 ad
351 1198 552 1276 ignorantiam
566 1198 742 1271 tollendam,
760 1217 852 1275 quam
868 1199 907 1258 ad
925 1200 1095 1260 tollendum
1107 1198 1158 1260 liti·

227 1301 318 1377 gium.
335 1300 395 1361 Sed
413 1319 479 1378 quae
496 1299 553 1361 fuit
568 1301 708 1362 secundae
726 1299 911 1378 quaestioniS,
930 1301 995 1362 haec
1014 1304 1158 1379 quodam·

194 1418 207 1460 u
227 1407 318 1466 modo
333 1405 486 1484 aqualiter
501 1408 540 1466 ad
550 1405 763 1482 ignorantiam,
776 1411 806 1467 et
818 1408 857 1466 ad
870 1406 995 1484 litigium
1008 1429 1044 1470 se
1058 1411 1161 1471 habet.

228 1514 321 1576 Multa
347 1513 672 1592 etenimignoramus,
700 1515 737 1574 de
767 1513 874 1591 quibus
900 1534 963 1575 non
985 1516 1158 1592 litigamus;

227 1641 300 1681 nam
316 1622 476 1682 Geometra
489 1621 591 1682 circuli
605 1621 820 1697 quadraturam
832 1620 962 1696 ignorat,
979 1626 1159 1682 nontamen

228 1728 265 1787 de
289 1725 355 1804 ipsa
371 1726 478 1805 litigat;
496 1726 666 1803 Theologus
689 1743 760 1785 vero
783 1744 945 1784 numerum
972 1725 1159 1802 Angelorum

225 1831 354 1910 ignorat,
372 1851 432 1893 non
449 1835 553 1893 tamen
567 1832 604 1891 de
620 1830 670 1890 illo
685 1828 810 1906 litigium
826 1829 909 1902 facit;
924 1829 1079 1907 AEgyptius
1094 1830 1158 1892 civi·

177 1955 208 2000 10
225 1938 342 2000 litatem
368 1939 547 2016 Scytharum
568 1940 697 2014 ignorat,
719 1955 781 1996 non
800 1940 925 2013 propter
950 1937 1008 1996 hoc
1031 1936 1157 2014 litigium

226 2047 297 2108 facit
314 2047 352 2106 de
369 2065 473 2106 eorum
490 2043 636 2104 civilitate.
654 2043 751 2119 Hujus
771 2039 893 2118 quidem
909 2037 1003 2099 tertiae
1019 2040 1157 2115 quaestio·

226 2149 273 2211 nis
291 2148 399 2208 veritas
416 2152 534 2207 tantum
550 2146 642 2206 habet
655 2145 791 2221 litigium,
807 2150 840 2204 ut
854 2145 1113 2222 quemadmodum
1126 2145 1157 2206 in

226 2251 291 2312 aliis
310 2251 478 2328 ignorantia
498 2252 575 2312 solet
598 2270 665 2312 esse
686 2270 777 2312 causa
797 2250 892 2328 litigii,
914 2253 957 2312 sic
978 2257 1008 2310 et
1027 2250 1077 2310 hic
1103 2250 1157 2312 liti-
1275 2295 1276 2312 ,

226 2356 307 2434 giunr
327 2375 419 2418 causa
436 2355 609 2432 ignorantiae
631 2357 669 2418 sit
690 2357 794 2434 magis.
821 2355 1000 2419 Hominibus
1022 2377 1156 2437 namque

178 2462 348 2528 iurationis
374 2461 513 2546 intuitum
540 2463 693 2524 voluntate
717 2461 960 2539 praevolantibus
992 2461 1049 2522 hoc
1075 2483 1155 2542 saepe

227 2570 378 2648 contingit,
397 2573 430 2630 ut
447 2568 525 2630 male
546 2566 658 2641 allecti,
682 2543 945 2628 lumine'rationis
971 2568 1155 2644 postposito,

225 2679 335 2738 affectu
352 2678 439 2755 quasi
454 2675 524 2736 caeoi
540 2674 711 2746 trahantur,
734 2678 764 2734 et
784 2672 975 2754 pertinaciter
996 2693 1085 2736 suam
1107 2677 1156 2736 de·

224 2791 335 2862 negent
350 2784 522 2845 caecitatem.
543 2783 630 2843 Unde
651 2782 685 2842 fit
705 2798 852 2858 persaepe,
874 2782 954 2858 quod
974 2801 1037 2842 non
1055 2783 1155 2842 solum

223 2888 337 2950 falsitas
357 2887 570 2967 patrimonium
589 2888 712 2959 habeat,
735 2879 789 2948 sed
809 2893 843 2948 ut
862 2889 1007 2967 plerique,
1032 2891 1070 2950 de
1091 2891 1154 2952 suis

177 3004 206 3050 20
226 2991 360 3070 terminis
377 2992 576 3071 egredientes,
594 3013 648 3071 per
664 2993 761 3054 aliena
778 3001 878 3056 castra
900 2997 1081 3072 discurrant,
1102 3000 1154 3060 ubi

223 3099 297 3160 nihil
311 3100 510 3177 intelligentes
526 3100 594 3179 ipsi,
613 3099 685 3162 nihil
701 3101 917 3179 intelliguntur;
936 3112 966 3166 et
986 3104 1028 3164 sic
1048 3125 1154 3184 provo-

224 3211 294 3267 cant
321 3209 469 3284 quosdam
495 3209 534 3268 ad
558 3207 647 3281 iram,
668 3207 818 3284 quosdam
838 3209 877 3268 ad
903 3208 1152 3286 indignationem,

223 3311 384 3372 nonnullos
401 3313 440 3372 ad
455 3313 558 3372 risum.

303 3417 394 3494 Igitur
412 3422 516 3478 contra
532 3418 700 3492 veritatem,
724 3437 791 3495 quae
813 3419 967 3495 quaeritur,
986 3419 1043 3483 tria
1059 3421 1154 3484 homi·

176 3530 203 3574 2⁶
222 3541 297 3581 num
322 3541 433 3598 genera
459 3522 591 3586 maxime
616 3525 823 3587 colluctantur.
852 3527 994 3591 Summus
1020 3550 1156 3610 namque
