2560 4022
241 225 277 280 42
457 289 460 295 ¹
513 235 551 276 nn
569 235 695 278 vunnim
713 237 904 286 rroouuurn.

246 366 371 442 Megara
398 361 514 434 dicunt,
541 360 726 434 Brixienses,
747 361 895 434 videlicet,
918 361 1122 434 Veronenses,
1142 370 1173 424 et

196 491 225 536 ρο
243 467 387 530 Vicentini
396 467 523 540 habent,
538 484 595 526 nee
608 487 669 527 non
682 467 816 529 Paduani
830 467 954 547 turpiter
969 473 1171 546 syncopantes

244 575 345 638 omnia
358 574 389 634 in
401 581 447 634 tas
460 573 628 652 participia,
645 578 675 635 et
688 573 908 636 denominativa
921 573 952 633 in
964 581 1026 651 tae,
1035 577 1069 634 ut
1078 576 1174 634 mmcd

245 691 275 746 et
299 683 385 745 boati.
402 682 479 743 Cum
506 681 614 758 quibus
642 685 672 741 et
697 680 876 742 Trivisianos
902 679 1092 754 adducimus,
1119 682 1170 757 qui

243 813 327 854 more
353 790 575 862 Brixianorum,
603 772 853 849 etfinitimorum
880 808 1040 850 suorumv
1066 808 1172 850 conso·

243 903 366 956 nantem
391 914 445 972 per
467 893 488 968 f
508 894 703 982 apocopando
733 893 901 971 proferunt,
933 902 1006 972 puta
1031 897 1087 971 nos
1116 917 1172 975 pro

195 1016 221 1060 25
236 1019 322 1076 ,nova
338 999 386 1072 vif
398 1017 452 1076 pro
468 999 545 1074 mvn,
562 999 642 1075 quod
660 999 781 1075 quidem
798 981 1048 1062 barbarissimum
1068 1023 1171 1081 repro-

242 1109 359 1167 bamus
386 1103 490 1165 Veneti
520 1123 639 1182 quoqne
659 1122 715 1163 nec
737 1123 769 1162 se
790 1123 823 1163 se
843 1103 1009 1181 investigati
1029 1105 1166 1182 Vulgaris

241 1213 354 1273 honore
369 1212 544 1288 dignantur3
559 1217 588 1271 et
603 1210 627 1272 si
645 1210 710 1288 quis
729 1230 847 1282 eorum,
867 1231 968 1274 errore
981 1216 1170 1293 compulsum

241 1317 387 1378 vanitaret
398 1316 430 1376 in
443 1317 513 1390 hoc,
526 1318 701 1377 recordetur
716 1315 740 1375 si
755 1335 889 1393 unquam
904 1317 987 1379 dixit:

401 1491 414 1526 n
433 1474 488 1528 Per
503 1473 529 1528 le
544 1474 624 1546 plage
640 1474 674 1528 de
689 1473 740 1529 Dio
758 1479 790 1530 tu
804 1491 861 1530 non
876 1492 968 1544 veras3
992 1495 1006 1530 n

191 1648 219 1694 30
238 1629 315 1691 inter
330 1651 405 1708 quos
418 1651 513 1692 unum
527 1633 654 1696 vidimus
673 1632 820 1692 nitentem
836 1633 983 1693 divertere
996 1653 1014 1693 a
1031 1639 1171 1695 materno

228 1747 270 1799 et
290 1739 328 1798 ad
349 1736 467 1798 Curiale
487 1739 615 1814 Vulgare
636 1736 804 1810 intendere,
833 1735 969 1796 videlicet
988 1737 1170 1797 ildebrandi·

237 1865 312 1904 num
328 1845 513 1905 Paduanum.
532 1844 631 1916 Quare
649 1841 788 1902 omnibus
805 1839 961 1919 praesentis
981 1841 1110 1918 'Capituli
1131 1845 1170 1902 ad

235 1949 379 2027 judicium
389 1950 631 2027 comparentibus
642 1948 840 2021 arbitramur,
851 1967 907 2008 nec
920 1946 1168 2022 Romandiolum‚

238 2075 294 2117 nec
314 2075 403 2116 suum
427 2055 611 2132 oppositum,
632 2059 666 2114 ut
687 2055 799 2114 dictum
821 2062 879 2129 est,
897 2074 953 2116 nec
969 2055 1168 2117 Venetianum

191 2173 217 2218 55
239 2184 307 2226 esse
321 2164 406 2236 illud,
425 2165 506 2240 quod
520 2161 699 2240 quaerimus,
715 2161 843 2238 Vulgare
861 2159 987 2220 Illustre.

613 2385 709 2465 unul
728 2403 790 2465 xv.
848 2405 849 2408 ‘

354 2621 422 2666 Facit
430 2631 542 2675 magnam
551 2621 727 2667 discussionem
736 2623 766 2664 de
775 2621 889 2664 idiomate
898 2619 1049 2662 Bononiensi.

316 2813 392 2872 Illud
412 2816 527 2884 autem,
549 2811 629 2888 quod
654 2812 691 2870 de
713 2809 813 2870 Italica
833 2808 906 2870 silva
927 2812 1075 2880 remanet,
1096 2825 1167 2885 per-

238 2919 372 2981 cunctari
383 2937 527 2979 conemur
541 2915 742 2995 expedientes.
753 2913 885 2976 Dicimus
903 2934 973 2992 ergo
991 2913 1071 2990 quod
1088 2913 1166 2972 forte

238 3045 299 3086 non
309 3027 388 3086 male
398 3025 566 3103 opinantur,
577 3023 628 3101 qui
637 3020 842 3082 Bononienses
853 3026 993 3083 asserunt
1002 3019 1164 3098 pulchriori
1195 3013 1198 3022 ’

237 3133 384 3193 locutione
399 3133 570 3209 loquentes,
588 3149 657 3190 curn
677 3130 715 3189 ab
736 3129 948 3201 lmolensibus,
969 3125 1166 3186 Ferrariensi-

203 3237 307 3305 abus,
332 3237 361 3294 et
383 3233 599 3294 Mutinensibus
627 3232 885 3293 circumstantibus
908 3231 1018 3310 aliquid
1042 3232 1165 3310 proprio

236 3343 357 3420 Vulgari
369 3342 553 3418 adsciscunt3
564 3344 640 3404 sicut
652 3344 751 3405 facere
762 3343 910 3422 quoslibet
923 3363 941 3402 a
955 3341 1086 3402 finitimis
1101 3341 1165 3402 suis

238 3448 424 3527 conjicimus,
447 3440 480 3510 ut
497 3449 649 3512 Sordellus
668 3453 704 3512 de
721 3453 844 3514 Mantua
864 3473 919 3514 sua
936 3456 1078 3528 ostendit,
1094 3455 1164 3515 Cre·

237 3577 347 3630 monae,
368 3556 487 3630 Brixiae,
509 3563 598 3634 atque
620 3557 745 3619 Veronae
766 3556 894 3620 confini:
911 3557 962 3634 qui
981 3562 1084 3618 tantus
1102 3557 1165 3618 elo-
