2578 4038
476 276 562 318 mnan
581 275 736 319 sscunnus.
1014 266 1065 321 967

215 415 260 474 Ex
275 413 385 490 quibus
401 413 539 472 omnibus
553 412 746 473 manifestum
757 421 803 474 est
814 417 894 490 quod
909 416 1063 477 Romanus
1086 439 1114 483 85

126 521 262 598 populus
278 519 394 579 cunctis
411 517 652 579 athletizantibus
667 539 720 596 pro
736 519 863 595 Imperio
874 522 977 580 mundi
991 543 1063 599 prae·

127 625 234 686 valuit.
245 627 326 701 Ergo
341 626 378 684 de
391 623 489 683 divino
503 624 518 682 J
521 621 615 682 udicio
630 623 796 700 praevaluit:
808 645 861 702 per
876 645 1063 704 consequens

128 738 170 796 de
188 735 287 795 divino
304 735 422 792 Jndicio
438 729 577 802 obtinuit3
593 730 671 806 qu'od
690 737 735 790 est
752 731 789 789 de
803 731 877 790 Jure
891 731 1063 792 obtinuisse.

473 947 477 958 ι
527 987 624 1048 Cneur
641 990 677 1048 X.

291 1173 359 1224 Quod
369 1183 412 1224 per
421 1173 533 1214 Duellum
543 1169 692 1226 anquiritur,
702 1173 732 1216 de
741 1173 754 1215 J
756 1185 800 1218 ure
809 1175 912 1227 adquiri.

213 1385 252 1444 Et
266 1384 347 1461 quod
358 1403 411 1460 per
424 1383 563 1442 Duellum
573 1381 751 1458 adquiritur,
762 1383 799 1442 de
808 1383 879 1442 Jure
892 1383 1064 1459 adquiritur.

129 1491 210 1551 Nam
221 1477 392 1564 ubicunque
402 1489 569 1546 humanum
584 1485 727 1563 judicium
745 1486 855 1558 deficit,
867 1489 914 1546 vel
928 1488 1064 1564 ignoran-

130 1596 180 1655 tiae
192 1593 325 1654 tenebris
335 1595 509 1665 involutum,
521 1593 567 1652 vel
577 1595 698 1668 propter
709 1591 882 1669 praesidium
888 1591 995 1668 judicis
1005 1612 1066 1652 non
1112 1575 1114 1579 ,

128 1701 259 1772 habere,
278 1720 316 1759 ne
332 1700 446 1777 justitia
457 1701 598 1761 derelicta
609 1709 776 1772 remaneat,
788 1703 1003 1762 recurrendum
1018 1707 1064 1761 est

129 1809 172 1868 ad
180 1810 280 1882 lllum,
299 1809 349 1885 qui
367 1815 484 1868 tantum
495 1830 562 1869 eam
574 1807 688 1880 dilexit,
705 1813 738 1866 ut
749 1809 828 1882 quod
839 1805 904 1884 ipsa
916 1806 1064 1883 exigebat,
1086 1819 1100 1862 5

128 1915 170 1972 de
180 1912 301 1990 proprio
313 1912 457 1988 sanguine
471 1913 625 1973 moriendo
636 1911 791 1990 supplevit.
803 1912 889 1971 Unde
899 1906 1065 1970 faturPsal-

128 2014 236 2074 mista:
263 2016 366 2074 dusius
388 2017 533 2076 Dominus
553 2023 579 2076 et
592 2018 726 2092 justitias
742 2017 852 2076 dilexit.
875 2017 940 2076 Hoc
964 2018 1065 2074 autem

129 2119 177 2192 lit,
188 2139 259 2179 cum
271 2120 413 2180 delibero
426 2121 557 2180 adsensu
570 2123 715 2200 partium,
726 2143 788 2185 non
802 2125 882 2197 odio,
896 2125 949 2184 sed
960 2141 1064 2183 amore

126 2227 264 2305 justitiae,
282 2246 335 2303 per
354 2227 461 2286 virium
478 2233 541 2288 tam
558 2229 649 2290 animi
668 2250 760 2308 quam
775 2231 909 2308 corporis
927 2235 1066 2290 mutuam
1137 2239 1139 2244 ’

130 2331 330 2404 collisionem,
349 2332 481 2392 divinum
507 2333 655 2394 Judicium
680 2338 859 2412 postulatur.
878 2340 976 2412 Quam
1004 2337 1117 2414 qui-10

131 2440 202 2499 dem
219 2439 416 2516 collisionem,
433 2441 502 2516 quia
514 2440 651 2518 primitus
667 2441 755 2502 unius
772 2444 810 2502 ad
824 2463 919 2502 unum
934 2441 987 2500 fuit
1001 2440 1066 2515 ipsa

130 2547 265 2620 inventa,
284 2549 416 2606 Duellum
440 2548 635 2624 appellamus,
661 2547 722 2608 Sed
749 2567 871 2624 semper
898 2546 1065 2605 cavendum

132 2654 193 2726 esf,
215 2659 249 2712 ut
270 2650 577 2730 quemadmodumin
597 2652 687 2709 rebus
714 2649 827 2708 bellicis
854 2647 937 2723 prius
966 2646 1067 2705 omnia

129 2757 278 2816 tentanda
292 2761 362 2814 sunl
373 2775 426 2832 per
436 2754 683 2832 disceptationem
698 2755 867 2830 quandam,
884 2759 912 2814 et
926 2754 1064 2813 ultimum

130 2881 186 2939 per
211 2862 348 2938 praelium
375 2860 578 2920 dimicandum
597 2863 643 2919 est
662 2860 707 2935 (ut
728 2858 842 2918 Tullius
869 2864 899 2918 et
926 2858 1064 2934 Vegetius
1085 2873 1114 2916 15

132 2969 321 3027 concorditer
339 2967 528 3044 praecipiunt,
546 2967 592 3026 hio
612 2965 643 3026 in
663 2968 705 3026 Re
728 2967 863 3041 militari,
881 2964 929 3023 ille
947 2965 1066 3023 veroin

132 3073 273 3148 Officiis):
290 3079 319 3133 et
333 3071 589 3150 quemadmodum
601 3069 631 3129 in
647 3087 719 3129 cura
738 3064 907 3126 medicinali
925 3071 995 3124 ante
1009 3064 1065 3123 ler-

130 3203 201 3244 rum
220 3189 249 3242 et
264 3183 364 3258 ignem
379 3179 480 3239 omnia
495 3177 676 3255 experienda
691 3181 775 3246 sunt,
788 3177 816 3234 et
831 3173 870 3232 ad
884 3172 948 3232 haec
960 3169 1065 3231 ultimo

131 3293 364 3366 recurrendum3
387 3291 429 3351 sie
457 3289 595 3350 omnibus
620 3287 674 3348 viis
701 3287 784 3364 prius
809 3283 992 3359 investigatis
1012 3301 1067 3358 pro

129 3400 242 3480 judicio
269 3400 306 3460 de
332 3399 383 3458 lite
407 3397 559 3468 habendo,
579 3395 617 3453 ad
638 3393 696 3453 hoc
721 3389 890 3452 remedium
913 3388 1118 3458 animumne

133 3509 268 3586 quadam
281 3505 402 3584 justitiae
413 3503 591 3564 necessitate
606 3499 715 3573 coacti,
728 3513 929 3558 recurramus.
940 3493 1005 3552 Duo
1018 3491 1068 3570 igi-

133 3628 184 3684 tur
205 3622 344 3684 formalia
363 3623 461 3681 Duelli
482 3621 645 3697 apparent:
667 3634 776 3691 unum,
793 3613 864 3685 hoc,
888 3609 968 3687 quod
986 3624 1067 3667 nunc
