2590 4038
425 131 510 173 unna
529 131 648 175 ramus.
949 122 1003 179 ma

63 258 193 320 coelestis
215 258 337 342 militia:
363 261 467 322 Gloria
491 265 523 324 iu
547 266 701 325 altissimis
718 267 779 326 Deo
783 311 794 345 ,
814 273 840 326 el
864 269 896 328 in
919 275 1000 328 torro

58 385 122 443 pax
129 367 288 426 homnibus
301 367 551 430 bonaeoolunlotio.
562 370 639 431 Hinc
650 377 679 432 et
693 393 707 424 a
720 373 787 432 Pom
795 373 871 433 vobis
882 395 897 426 a
910 372 999 434 Salus

65 471 226 533 hominum
249 474 411 535 salutabat.
434 477 567 538 Docebat
588 477 670 539 enim
692 498 847 538 summum
868 479 1001 542 Salvato-

65 597 141 650 rem‚
161 598 322 640 summam
339 581 550 641 salutationem
567 581 744 660 exprimere.
765 581 863 654 Quem
881 583 1002 660 quidem
1022 586 1051 632 20

64 702 183 744 morem
202 703 324 744 servare
344 687 506 746 voluerunt
526 686 667 765 Discipuli
684 687 770 765 Ejus,
793 693 822 748 et
839 688 950 749 Paulus
971 689 1002 749 in

66 789 299 854 salutationibus
314 791 391 866 suis,
406 799 440 854 ut
454 793 593 854 omnibus
607 793 801 856 manifestum
815 813 883 856 esse
893 799 1003 873 potest.

454 1077 552 1138 Cnrur
573 1077 619 1136 Vl.

258 1260 305 1302 Per
320 1259 385 1312 quod
399 1258 498 1312 melius,
513 1260 561 1302 imo
575 1269 619 1311 per
634 1260 699 1312 quod
714 1261 814 1315 optimo,

222 1339 305 1382 Genus
318 1337 455 1381 humanum
468 1337 582 1390 pertingit
596 1336 626 1379 ad
641 1336 705 1389 opus
719 1337 851 1390 proprium.

151 1558 199 1617 Ex
222 1555 258 1617 iis
281 1575 352 1634 ergo
374 1574 440 1633 quae
462 1555 612 1614 declarata
635 1556 720 1623 sunt,
738 1555 837 1628 patet,
853 1569 907 1628 per
924 1551 1006 1626 quod

66 1663 192 1736 melius,
207 1662 270 1723 imo
285 1681 339 1742 per
353 1663 434 1738 quod
452 1662 575 1739 optime,
595 1660 698 1720 Genus
715 1658 883 1718 humanum
897 1654 1007 1734 pertin·

69 1766 110 1846 git
135 1767 176 1826 ad
204 1765 288 1843 Opus
314 1765 477 1844 proprium.
500 1766 538 1828 Et
557 1785 611 1844 per
633 1783 821 1841 consequens
843 1763 941 1824 visum
961 1768 1009 1824 est
1040 1772 1042 1778 ’

70 1871 365 1954 propinquissimum
384 1873 531 1946 medium,
553 1890 607 1949 per
628 1871 709 1948 quod
729 1870 788 1931 itur
807 1870 841 1930 in
861 1869 949 1942 illud,
971 1869 1010 1929 ad

70 1981 152 2059 quod
170 1980 253 2040 velut
270 1979 300 2038 in
316 1979 455 2040 ultimum
465 1980 571 2040 Finem
586 1977 686 2039 omnia
703 1997 794 2056 opera
811 1982 917 2038 nostra
933 1975 1009 2036 ordi-
1027 1985 1040 2030 o

70 2095 194 2148 uantur.
218 2085 305 2158 Quod
326 2091 372 2146 est
396 2087 460 2147 Pax
480 2085 670 2159 universalis,
694 2105 761 2163 quae
782 2104 837 2162 pro
865 2083 1009 2162 principio

71 2198 227 2260 rationum
243 2197 495 2274 subsequentium
512 2203 711 2276 supponatur3
729 2197 810 2276 quod
828 2201 892 2257 erat
910 2213 1010 2257 neces·

71 2304 205 2378 sarium,
232 2309 266 2364 ut
293 2303 408 2366 dietum
434 2303 501 2378 fuit,
528 2304 609 2367 velut
637 2304 755 2382 signum
781 2303 953 2384 praefixum,
978 2301 1010 2362 in

74 2408 157 2485 quod
175 2405 321 2484 quidquid
339 2408 530 2486 probandum
547 2416 593 2470 est
613 2411 793 2485 resolvatur,
811 2415 959 2488 tanquam
978 2407 1010 2468 in

74 2513 358 2578 manifestissimam
374 2515 540 2576 veritatem.
951 2498 954 2502 ⁵
1031 2505 1060 2549 ¹⁰

459 2779 556 2842 Garun
576 2780 635 2841 Vll.

308 2962 406 3015 Quando
416 2965 486 3017 plura
496 2963 639 3008 ordinantur
649 2964 680 3007 ad
690 2965 785 3015 Unum,

250 3046 361 3096 oportere
370 3055 448 3087 unum
458 3054 543 3087 aarum
553 3054 650 3096 regere,
661 3045 708 3087 alia
718 3053 775 3087 vero
786 3042 845 3094 regi.

160 3251 365 3312 Resumentes
382 3250 470 3330 igitur
487 3252 599 3330 quoda
615 3248 759 3330 principio
775 3247 942 3322 dicebatur,
957 3246 1015 3309 tria
1044 3313 1048 3324 ,

79 3352 213 3414 maxime
236 3353 423 3428 dubitantur,
447 3360 476 3416 et
497 3353 631 3415 dubitata
653 3358 826 3432 quaeruntur
848 3353 928 3414 eirea
948 3355 1009 3415 Mo·

79 3461 233 3522 aurelium
251 3462 462 3538 temporalem,
481 3480 547 3538 quae
565 3459 761 3522 communiori
778 3463 924 3522 vocabulo
942 3480 1018 3520 nun·
