2560 4022
228 233 265 290 68
497 239 536 280 nu
553 238 677 280 cuneum
696 236 887 286 mooueurill.

182 356 192 378 ⁴
229 379 304 438 citur
311 421 319 450 ,
334 381 380 436 est
396 373 548 452 (equalium
559 371 734 430 etantiarnm
746 370 807 428 sinc
818 367 998 442 responsorio
1010 367 1050 425 nd
1062 385 1153 426 nncm

228 484 392 545 sententiam
410 481 522 559 tropico
542 477 716 556 conjugatio,
732 479 764 536 ut
784 493 840 535 nos
861 472 1062 546 ostendimus,
1082 491 1152 533 cum

230 584 375 646 diximus:
826 660 829 666 ¹

181 727 207 768 ts
351 767 355 774 ,
386 711 521 780 «Donne,
540 711 591 766 che
606 714 682 765 avete
697 709 832 763 intelletto
845 706 986 762 d‘amore.
1000 724 1019 776 r,

230 844 266 903 Et
282 841 324 903 sIc
339 845 422 920 patet
442 838 512 918 quid
529 839 628 900 Contio
645 837 697 912 sit,
716 845 745 898 et
760 839 848 914 prout
868 834 1011 913 accipitur
1031 852 1154 910 genera·

228 948 307 1020 liter,
325 953 355 1007 et
370 949 459 1024 prout
474 963 528 1022 per
545 943 840 1020 superexcellentiam
853 959 995 1002 vocamus
1008 959 1086 1000 eam.
1101 938 1154 998 Sa·

230 1055 267 1116 tis
284 1055 375 1117 etiam
390 1061 493 1132 patere
508 1051 624 1113 videtur
632 1097 640 1126 ,
658 1051 728 1130 quid
744 1051 934 1128 intelligimus
951 1069 1021 1110 cum
1041 1049 1154 1109 Contio

230 1181 293 1221 nem
311 1179 467 1232 vocamus,
490 1164 519 1219 et
538 1179 592 1237 per
613 1178 815 1236 consequens,
832 1159 903 1236 quid
924 1158 961 1219 sit
981 1159 1029 1218 ille
1049 1156 1154 1230 fascis,

182 1281 210 1325 oo
229 1285 319 1344 quem
336 1265 428 1343 ligare
448 1265 596 1327 molimur.
626 1267 712 1340 Quod
733 1273 834 1327 autem
860 1264 985 1326 dicimus
1010 1265 1154 1342 <tropica

228 1361 413 1448 conjugatio>
436 1376 482 1431 est
507 1371 576 1448 quia
601 1390 671 1431 cum
696 1373 795 1431 comica
817 1370 870 1431 fiet
888 1369 952 1430 haee
974 1371 1151 1448 conjugatio,

231 1477 406 1537 Contionum
415 1496 557 1538 vocamus
567 1497 620 1556 per
631 1477 867 1551 diminutionem,
879 1477 916 1538 de
927 1496 987 1554 qua
1000 1477 1030 1537 in
1044 1481 1152 1554 quarto

230 1587 318 1664 hujus
336 1585 462 1664 (Operis)
479 1590 608 1647 tractare
624 1583 817 1646 intendimus.

608 1798 704 1884 Garun
728 1799 776 1858 IX.

233 2013 290 2064 Quae
299 2013 348 2055 sint
356 2013 500 2065 principales
509 2011 535 2056 in
546 2011 665 2055 Contione
672 2013 764 2065 partes,
775 2013 798 2053 et
807 2009 871 2062 quod
880 2009 979 2054 Stantia
988 2009 1013 2052 in
1025 2008 1146 2052 cantione

542 2089 697 2143 principalior
711 2097 768 2142 pers
783 2091 828 2132 est.

310 2275 398 2352 Quia,
412 2281 443 2337 ut
460 2276 572 2337 dictum
589 2281 646 2349 est,
662 2274 764 2336 Ocntio
778 2279 823 2335 est
840 2271 1008 2352 conjugatio
1026 2271 1155 2352 Stantia·

231 2402 311 2456 rum,
327 2383 462 2460 ignorato
483 2381 553 2459 quid
569 2380 607 2442 sit
622 2381 735 2442 Stantia
741 2427 752 2459 ,
774 2399 899 2442 necesse
924 2385 970 2440 est
987 2381 1155 2440 Contionem

229 2489 385 2567 ignorare:
405 2507 477 2548 nam
501 2506 538 2548 ex
563 2486 770 2549 diffinientium
790 2487 956 2564 cognitione
973 2485 1090 2546 diffiniti
1110 2505 1154 2546 re·

231 2591 321 2652 sultat
345 2589 488 2668 cognitio;
513 2595 543 2652 et
567 2589 635 2652 ideo
657 2599 874 2669 consequenter
902 2592 938 2652 de
964 2593 1081 2652 Stantia
1109 2599 1155 2653 est

95 2682 99 2692 ¹
194 2709 207 2750 ⁵
230 2698 392 2774 agendum,
405 2704 438 2758 ut
452 2697 562 2760 scilicet
575 2697 798 2776 investigemus
814 2699 884 2775 quid
896 2699 962 2778 ipsa
976 2698 1026 2772 sit,
1040 2697 1155 2775 etquid

230 2823 284 2882 per
307 2823 375 2866 eam
398 2803 561 2882 intelligere
585 2805 732 2866 uolumus
751 2804 787 2865 Et
813 2805 890 2866 circa
910 2805 968 2867 hoc
995 2805 1153 2868 sciendum

231 2917 293 2987 est,
314 2913 394 2991 quod
416 2913 473 2974 hoc
495 2911 672 2974 vocabulum
693 2930 746 2988 per
768 2912 858 2973 solius
880 2911 952 2974 artis
978 2915 1153 2990 respectum

229 3020 383 3084 inventum
403 3026 460 3097 est,
482 3022 630 3094 videlicet,
654 3025 688 3083 ut
708 3021 739 3082 in
762 3041 821 3099 quo
844 3027 907 3083 tota
934 3022 1081 3084 Contionis
1101 3040 1153 3081 ars

231 3131 311 3186 esset
330 3131 482 3202 contenta,
505 3128 578 3189 illud
599 3129 744 3190 diceretur
766 3129 899 3207 mantio,
922 3130 979 3192 hoc
1005 3135 1050 3191 est
1069 3150 1154 3190 man·

182 3242 212 3286 lo
231 3230 275 3292 sio
302 3250 413 3309 capax,
435 3233 483 3293 vel
508 3233 729 3311 receptaculum
754 3231 843 3294 totius
871 3232 953 3294 artis.
980 3232 1058 3294 Nam
1084 3251 1154 3308 que·

231 3337 426 3398 madmodum
447 3339 550 3399 Contio
569 3343 615 3400 est
639 3337 786 3417 gremium
804 3338 892 3400 totius
915 3338 1087 3412 sententia,
1112 3336 1156 3400 sic

229 3439 342 3500 Stantia
361 3443 456 3500 totam
475 3446 572 3502 artem
587 3442 759 3520 ingremiat:
777 3463 833 3506 nee
852 3444 920 3507 licet
941 3445 1052 3524 aliquid
1076 3445 1151 3508 artis

231 3547 423 3626 sequentibus
446 3567 599 3625 arrogare,
625 3549 679 3608 sed
706 3547 802 3609 solam
824 3557 921 3610 artem
944 3547 1150 3610 antecedentis
