2576 4052
193 228 247 286 374
470 292 474 304 1
554 242 591 283 oe
609 235 788 283 nonnoenin.

263 353 308 409 et.
329 353 459 425 Populos
472 353 522 408 ilie
534 358 661 427 sanetus,
677 353 746 424 pino
763 355 790 406 et
800 351 956 422 olorinus,
968 351 1098 423 propria
1111 369 1157 407 eo·

193 443 280 497 mode
292 443 449 514 neoleooisee
463 443 589 510 videtne,
608 448 659 497 eto.
675 443 729 508 Qui
743 441 810 497 cade
820 441 849 496 in
859 443 986 497 aeeoncio
1002 443 1031 496 di
1041 447 1152 511 notare,

193 531 244 586 ohe
255 533 310 605 pini
323 534 402 588 dolce
414 537 524 587 notura
540 531 570 586 in
582 531 821 602 eiynorenoiando
835 548 849 586 e
861 531 914 604 pini
928 535 1005 603 forte
1019 534 1050 585 in
1066 536 1155 586 soste-

193 623 286 676 nendo
302 623 382 694 epiie
397 623 492 678 sottiIe
508 623 539 676 in
554 622 742 694 aequistando
759 623 794 676 ni
809 625 844 694 fn
855 624 890 676 ne
903 622 960 694 fio,
981 623 1032 676 ohe
1052 623 1155 693 quella

194 712 271 766 delio
288 717 370 783 yente
389 713 542 770 Latine...
563 728 578 766 e
599 712 832 766 mossiinnmente
851 713 950 783 quello
971 712 1017 766 del
1039 711 1153 782 Popoio

194 807 291 869 sento,
310 803 356 856 nel
372 802 458 874 quate
473 801 492 855 i’
504 801 563 855 alto
579 815 687 871 senone
703 800 830 868 Trojano
849 816 900 854 ern
920 800 1088 855 mischioto.
1107 799 1153 853 Ed

193 907 257 947 ecco
272 892 372 963 perche
388 895 486 964 questo
500 890 603 963 Popolo
619 905 707 944 venne
723 889 910 944 divinamente
928 890 1013 944 eletto
1027 889 1074 944 atl'
1085 889 1153 959 Uffi-

194 981 238 1036 cio
253 981 424 1053 imperiale,
438 985 515 1034 tanto
529 980 577 1051 piii
591 979 633 1033 oh'
644 994 706 1033 esso
719 979 797 1032 v'era
810 978 829 1033 il
842 978 942 1047 meglio
957 979 1084 1050 disposto
1099 995 1156 1049 per

194 1073 221 1127 ta
235 1073 434 1144 orandiseimo
449 1070 528 1125 virtn
546 1068 634 1124 chesi
653 1067 809 1122 richiedeva
831 1067 866 1122 ad
889 1066 1042 1134 ottenerlo,
1067 1083 1083 1121 e
1100 1083 1157 1137 per

194 1157 579 1229 1’onanissinabem'9nne
593 1157 751 1213 necessaria
765 1156 800 1211 ad
817 1155 976 1211 eseroitarlo
991 1172 1044 1211 con
1060 1155 1153 1211 utilite

195 1247 367 1303 universale:
387 1246 490 1314 Goon,
506 1261 539 1314 11,
555 1246 583 1301 4.

263 1337 309 1392 32.
328 1336 414 1391 Nihil
432 1337 621 1408 manifestum
639 1340 680 1390 est
699 1340 783 1392 entre
802 1335 1014 1400 intendentem,
1035 1337 1087 1388 ete.
1109 1332 1154 1388 Ed

193 1442 275 1481 aveva
287 1432 503 1499 preeccennato,
515 1427 565 1481 che
575 1427 593 1481 l’
601 1442 703 1481 umana
715 1425 837 1491 volenti,
853 1428 963 1478 «extra
973 1425 1125 1493 nolentem,
1136 1440 1154 1476 o

194 1530 250 1570 non
264 1516 319 1586 puo
335 1515 516 1584 discernersi‚
534 1532 637 1571 senon
653 1530 703 1587 per
718 1514 798 1584 seyni
811 1512 960 1567 esteeiori:
976 1511 1063 1580 Mon„
1074 1525 1105 1578 11,
1121 1511 1150 1566 2.

264 1605 309 1659 34.
329 1604 408 1659 Satis
424 1605 456 1658 in
471 1605 523 1658 hoo
539 1606 597 1658 loeo
612 1604 790 1668 habebimus,
816 1601 842 1656 si
862 1601 897 1655 de
915 1601 1075 1654 intentione
1092 1599 1155 1653 Po-

193 1693 262 1763 puli
280 1694 416 1759 Rotnani,
432 1699 482 1748 eto.
497 1692 695 1758 Quest’ordine
711 1690 781 1746 bene
797 1689 910 1744 distinto
925 1705 940 1743 e
956 1693 1157 1744 strettamente

196 1782 359 1850 scientifico,
375 1784 426 1838 che
441 1783 459 1837 l’
469 1781 615 1853 Altighieri
629 1781 652 1836 si
670 1780 793 1852 prefigge
812 1779 847 1833 ed
865 1794 978 1833 osserva
994 1777 1068 1832 nelle
1083 1783 1155 1832 teot-

194 1873 300 1929 tazione
318 1873 364 1928 del
383 1889 433 1928 suo
448 1878 578 1940 assunto,
596 1871 674 1926 basta
691 1871 795 1941 perche
813 1868 961 1924 dobbiamo
979 1874 1069 1924 restat
1085 1885 1156 1924 con·

111 1983 115 1990 ²
194 1964 262 2020 vinti
281 1964 332 2019 che
348 1963 367 2018 il
386 1964 428 2017 De
443 1963 618 2017 Monoeefflo
634 1963 650 2015 e
664 1961 703 2015 tel
720 1962 830 2030 lavoro,
848 1960 893 2014 eui
906 1977 963 2015 non
980 1961 1101 2016 avrebbe
1126 1963 1154 2016 ei

195 2056 292 2123 potuto
308 2051 359 2105 dar
378 2051 564 2121 compimento
583 2049 698 2104 tuorche
717 2052 762 2103 ne’
775 2049 836 2104 suoi
854 2049 946 2103 ultimi
964 2049 1045 2118 anni,
1064 2067 1080 2105 e
1099 2065 1154 2104 con

192 2146 263 2196 tutto
278 2140 304 2192 la
318 2139 422 2207 vigoria
438 2138 511 2192 della
531 2143 624 2192 mente
639 2155 654 2192 e
670 2137 744 2193 della
760 2138 892 2194 dottrine.
909 2139 933 2192 lt
948 2138 1000 2192 ohe
1020 2138 1045 2192 si
1068 2139 1153 2210 parri

193 2243 262 2282 aneo
278 2225 379 2296 meglio
397 2242 447 2296 per
464 2226 501 2294 gli
523 2226 637 2281 eoeenni
660 2227 850 2299 susseguenti‚
872 2227 924 2282 ohe
949 2227 1097 2297 obbligano
1124 2227 1154 2281 la

193 2319 288 2369 nostra
305 2313 538 2370 considerazione.
554 2317 658 2381 Questo
674 2315 798 2388 Capitoto
814 2316 889 2388 ὸροί
908 2318 964 2371 cosi
982 2316 1155 2388 importante

193 2420 208 2457 e
223 2402 368 2458 notissimo
379 2419 447 2460 aneo
456 2403 482 2457 ai
499 2404 717 2460 Commentatori
729 2405 804 2460 detta
818 2405 910 2461 divina
921 2405 1090 2473 Connooin,
1102 2405 1155 2459 che

194 2509 251 2548 non
270 2495 294 2547 ei
308 2509 371 2548 rece
386 2493 544 2562 meraviglio
559 2495 610 2548 che
626 2494 710 2548 siensi
726 2493 866 2564 ingegnati
879 2511 929 2566 pei·
942 2494 1007 2564 ogni
1023 2495 1109 2550 modo
1124 2493 1155 2548 di

193 2582 371 2652 profittorne,
388 2582 584 2656 specialmente
600 2599 616 2638 a
630 2582 835 2639 dichiarazione
849 2584 894 2638 del
910 2589 984 2638 sesto
1002 2582 1091 2639 Canto
1107 2584 1155 2639 del

195 2671 353 2726 Paradiso.

265 2759 308 2816 40.
329 2759 441 2831 Sufficit
451 2761 505 2814 illa
517 2761 581 2815 solo
592 2759 735 2816 Ciceronis
748 2761 905 2816 auotoritas
915 2761 947 2814 in
956 2760 1088 2815 secundis
1105 2759 1154 2831 Of-

194 2849 277 2922 ficiis.
294 2847 328 2901 Di
342 2849 381 2902 tal
395 2848 478 2902 modo
498 2848 521 2903 si
543 2849 681 2906 dovrebbe
696 2850 960 2920 leggere‚-sooondo
976 2849 1027 2903 che
1044 2865 1097 2922 per
1114 2849 1155 2905 ef-

96 2931 100 2944 '
195 2941 263 2995 setto
280 2939 298 2992 it
313 2937 400 2992 Witte
413 2953 449 2991 no
466 2937 612 3009 consigiia‚
629 2937 794 2994 affidaodosi
809 2955 826 2994 a
840 2938 967 3010 parecehi
982 2939 1026 2992 de’
1038 2939 1149 3008 Codiei;

196 3047 242 3084 ina
251 3027 374 3084 tuttoohe
384 3026 404 3080 il
414 3027 473 3082 solo
485 3027 720 3098 Megliabechiano
733 3027 805 3099 porti
822 3045 836 3082 o
850 3029 881 3083 in
897 3028 1019 3083 secundo
1032 3028 1068 3083 de
1084 3015 1157 3100 Offi-

195 3118 262 3188 ciis,
278 3136 291 3171 n
309 3117 346 3171 m’
357 3117 481 3172 assieuto
497 3117 548 3172 che
563 3123 660 3186 queste
676 3117 754 3172 siano
767 3118 793 3171 le
807 3117 927 3188 genuine
946 3116 1043 3188 paroie
1060 3117 1096 3172 da
1113 3117 1157 3174 in·

194 3206 364 3261 tromettersi
379 3207 425 3261 nel
441 3207 532 3261 Teste.
548 3204 569 3258 E
582 3205 724 3260 conforme
739 3221 756 3261 a
771 3206 809 3260 tel
825 3206 943 3274 lenione,
960 3206 1011 3260 ohe
1025 3206 1157 3262 eziandio

196 3294 343 3350 s'aceorda
357 3296 428 3350 colla
440 3295 567 3364 Volgata,
586 3295 609 3349 si
624 3295 640 3348 e
654 3295 675 3349 il
690 3293 773 3350 modo
787 3310 840 3349 con
857 3295 902 3348 cui
922 3294 1012 3349 Dante
1030 3296 1094 3350 suol
1116 3297 1156 3352 ei·

195 3392 256 3440 tare
271 3385 337 3456 quel
350 3384 447 3440 Libro:
465 3384 591 3439 Sieeome
603 3384 665 3439 dice
678 3384 771 3440 Tullio
786 3385 833 3440 nel
851 3384 942 3456 primo
958 3385 1035 3456 deyli
1054 3385 1154 3458 Uffieje

195 3474 295 3540 Goon,
311 3487 356 3540 lv,
371 3473 406 3538 8,
427 3473 472 3530 25.

268 3560 312 3613 56.
338 3559 439 3614 Nonne
469 3561 657 3619 Cincinnatos
684 3565 733 3621 iiie
758 3566 890 3620 sanetum
918 3564 1000 3620 nobie
1031 3565 1172 3638 reliquii·
