2590 4038
514 201 600 244 amsa
618 199 737 242 antuus.
1036 185 1091 240 227

150 329 236 408 pium
252 334 388 406 tantum,
403 332 513 396 scilicet
528 334 651 397 unicum
666 333 843 412 Principem.
856 332 902 392 Ex
916 351 976 408 quo
990 330 1087 411 sequi·

150 443 215 509 tur,
231 437 439 498 Mormrohiom
455 439 657 500 necessariam
673 440 799 512 mundo,
817 446 849 499 ut
866 439 943 498 hene
960 437 1007 499 sit.

546 693 644 756 Carus
663 694 699 754 X.

174 860 178 867 ⁵
259 875 378 922 Homines
392 878 424 922 ad
438 878 569 931 imaginem
582 879 626 922 Del
638 879 696 923 laotl
710 881 782 935 sunt,
797 879 839 932 qui
853 880 921 923 Unus
934 881 980 922 est.

233 1056 272 1116 Et
289 1076 380 1118 omne
397 1058 470 1120 illud
486 1061 563 1120 bene
581 1062 736 1135 sehabet,
754 1067 783 1124 el
803 1029 928 1140 optime,
950 1061 1032 1138 quod
1053 1080 1087 1124 se

149 1164 245 1224 habet
255 1165 425 1224 seeundum
436 1165 631 1225 intentionem
638 1165 725 1242 primi
733 1164 871 1242 Agentis,
883 1163 932 1243 qui
940 1165 1021 1226 Deus
1030 1170 1085 1226 est.

145 1270 185 1331 Et
201 1269 259 1330 hoo
277 1277 323 1331 est
339 1289 393 1347 per
411 1289 444 1329 se
462 1276 569 1330 notum
590 1270 669 1347 apud
683 1288 787 1330 omnes
808 1290 869 1332 non
884 1277 1029 1348 negantes
1044 1269 1084 1330 di·

148 1374 253 1436 vinam
263 1373 433 1435 Bonitatem
449 1375 596 1452 attingere
607 1395 760 1437 summum
776 1375 977 1454 perfeetionis.
990 1377 1033 1436 De
1044 1375 1086 1436 in·

147 1481 283 1542 tentione
293 1480 348 1548 Dei
359 1486 404 1542 est
420 1489 452 1543 ut
468 1500 559 1542 omne
569 1487 705 1542 creatum
719 1482 848 1542 divinam
861 1482 1083 1545 similitudinem
1103 1501 1117 1545 n

149 1591 364 1664 repraesentet,
385 1587 416 1646 in
437 1594 585 1663 quantum
606 1589 725 1665 propria
745 1593 853 1647 natura
873 1587 1006 1664 recipere
1031 1607 1082 1666 po-

147 1695 219 1751 test.
240 1692 368 1768 Propter
388 1692 468 1768 quod
493 1677 603 1752 dictum
625 1700 686 1752 est:
708 1692 862 1751 Faciamus
880 1693 1023 1752 hominem
1042 1695 1084 1753 od

149 1797 311 1875 Imupinem
326 1805 352 1856 et
369 1797 592 1857 Similitudinem
608 1805 745 1857 nostram.
763 1797 849 1870 Quod
865 1797 935 1857 licet
955 1800 995 1857 od
1013 1800 1085 1859 imo·

145 1903 244 1980 panem
261 1904 298 1962 de
315 1904 406 1963 rebus
423 1903 612 1964 inferioribus
629 1904 668 1962 ab
685 1901 805 1962 homine
823 1902 879 1962 diei
894 1921 955 1962 non
972 1904 1082 1979 possit,

147 2009 190 2070 od
208 2010 424 2070 simalitudinem
450 2015 551 2072 tamen
577 2011 614 2071 de
641 2010 773 2088 qualibet
799 2009 854 2071 dioi
874 2014 986 2089 potest:
1013 2030 1083 2072 oum
1103 2018 1132 2065 10

148 2115 248 2172 totum
267 2113 447 2178 Universum
463 2115 536 2176 nihil
552 2116 632 2176 aliud
648 2116 700 2192 sit,
713 2135 806 2193 quam
819 2116 976 2194 vestigium
991 2117 1084 2195 quod·

148 2217 222 2278 dam
242 2218 348 2279 divinae
370 2221 524 2282 Bonitatis.
545 2221 623 2298 Ergo
643 2223 811 2284 humanum
828 2225 929 2286 Genus
950 2227 1027 2286 bene
1049 2244 1083 2287 se

147 2325 258 2399 habet,
277 2333 307 2388 et
324 2325 452 2404 optime,
471 2327 591 2403 quando
608 2328 775 2387 seeundum
792 2330 872 2405 quod
885 2335 999 2406 potest,
1017 2328 1081 2392 Deo

147 2429 342 2491 assimilatur.
360 2430 420 2491 Sed
436 2431 538 2492 Genus
554 2431 721 2492 humanum
740 2432 871 2494 maxime
888 2434 951 2494 Deo
969 2433 1083 2495 assimi-

148 2535 243 2609 latur,
270 2538 391 2612 quando
424 2535 555 2596 maxime
582 2542 628 2596 est
652 2537 770 2598 Unum:
796 2557 867 2598 vera
895 2538 976 2597 enim
1005 2539 1081 2601 ratio
1101 2549 1129 2597 ts

148 2644 246 2706 Unius
258 2644 289 2704 in
303 2644 366 2705 solo
379 2644 431 2704 lllo
446 2649 507 2704 est:
521 2648 643 2721 propter
658 2624 896 2720 quod'seriptum
909 2647 968 2702 est:
983 2643 1080 2718 Audi,

148 2751 254 2824 Israel,
276 2751 418 2810 Dominus
437 2750 516 2809 Deus
535 2757 603 2808 tutas
629 2747 708 2806 Unus
727 2755 776 2807 est.
801 2746 860 2808 Sed
883 2755 954 2809 tuno
978 2748 1079 2810 Genus

147 2855 316 2918 humanum
333 2854 464 2914 maxime
481 2859 527 2914 est
544 2854 659 2926 Unum,
677 2853 798 2930 quando
819 2857 915 2914 totum
932 2853 1033 2914 unitur
1049 2857 1079 2917 in

148 2960 229 3022 Uno:
247 2961 328 3037 quod
349 2979 417 3020 esse
437 2979 499 3020 non
519 2965 634 3038 potest,
658 2960 715 3020 nisi
735 2962 855 3038 quando
877 2961 935 3020 Uni
957 2963 1081 3043 principi

148 3067 279 3130 totaliter
305 3069 477 3146 subjaceat,
503 3072 537 3128 ut
564 3068 601 3128 de
625 3086 659 3128 se
685 3073 777 3146 patet.
807 3068 885 3145 Ergo
911 3068 1078 3131 humanum
1099 3081 1129 3128 ao

145 3177 249 3240 Genus
263 3176 322 3238 Uni
336 3174 461 3254 principi
478 3176 638 3254 subjacens
656 3173 787 3233 maxime
799 3173 861 3233 Deo
878 3171 1078 3249 adsimilatum

146 3287 178 3343 et
194 3303 248 3362 per
265 3299 467 3360 consequens,
486 3278 617 3339 maxime
634 3283 680 3337 est
701 3276 867 3337 secundum
887 3276 1018 3336 divinam
1037 3277 1079 3336 in·

143 3384 324 3459 tentionem,
348 3385 428 3463 quod
450 3387 496 3444 est
516 3384 594 3443 bene
615 3387 644 3443 et
665 3381 774 3460 optime
796 3402 829 3444 se
849 3384 973 3448 habere:
995 3390 1029 3445 ut
1048 3384 1079 3445 in

145 3490 291 3570 principio
308 3490 398 3568 hujus
415 3487 543 3568 Capituli
559 3488 719 3576 probatum
737 3493 791 3550 est.
