2560 4022
487 165 572 208 menn
590 165 749 212 sscuuous.
1045 162 1081 218 59

140 288 309 348 strenuitate
335 291 462 369 iupenii,
483 299 513 356 et
534 297 608 354 attis
633 298 818 376 assiduitate,
842 304 1078 385 scientiarumque
1095 323 1126 370 tc

140 399 239 459 babitu
262 400 330 462 fieri
351 407 460 479 potest.
482 405 520 465 Et
538 405 557 465 ii
583 412 663 479 sunt,
682 426 758 484 quos
779 409 872 472 Poeta
887 415 1078 476 AEneidorum

140 509 239 579 sexto,
258 506 387 568 dilectos
401 507 470 583 Dei,
482 515 512 570 et
528 513 566 572 ab
581 514 704 574 ardente
723 515 831 577 virtute
848 520 1023 584 sublimatos
1037 525 1076 584 ad

141 610 265 685 aethera,
285 612 482 692 Deorumque
499 615 573 678 filios
595 624 696 693 vocat,
714 640 899 699 quamquam
915 625 1077 704 figuraliter

139 721 290 798 loquatur.
301 723 339 784 Et
351 723 419 786 ideo
432 729 627 792 conliteamur
638 751 743 793 eorum
755 735 923 809 stultitiam,
935 738 985 814 qui
995 745 1073 814 arte,

141 826 328 907 scientiaque
347 829 513 907 immunes,
531 836 569 896 de
590 837 654 897 solo
675 838 793 916 ingenio
815 841 1015 916 confidentes,
1038 845 1077 905 ad
1096 861 1126 908 su

142 950 259 994 summa
285 955 407 998 summe
428 941 564 1001 canenda
587 951 786 1022 prorumpunt
799 971 810 1021 ·,
824 951 854 1007 et
876 952 995 1009 alanta
1010 969 1076 1028 pro·

143 1040 375 1116 sumptuositate
392 1043 550 1120 desistant;
575 1054 604 1107 et
625 1047 648 1108 si
670 1069 793 1113 anseres
813 1053 940 1116 naturali
958 1055 1071 1118 desidia

141 1143 221 1213 sunt,
239 1143 339 1203 nolint
356 1145 530 1224 astripetam
547 1151 678 1228 aquilam
693 1155 813 1220 imitari.

534 1385 632 1449 Carus
652 1387 684 1450 V.

215 1583 251 1626 De
259 1585 436 1637 compositione
444 1587 565 1634 versuum
579 1596 603 1636 et
616 1597 732 1642 varietate
741 1610 824 1644 eorum
835 1613 878 1656 per
887 1606 1000 1658 syllabas.

223 1775 268 1835 De
281 1781 421 1854 praedata
428 1784 646 1858 sententiarum,
656 1785 704 1844 vel
714 1785 786 1844 satis
797 1785 907 1847 dixisse
917 1789 1071 1865 videmur,

140 1881 187 1943 vel
206 1882 314 1944 saltem
334 1890 445 1959 totum,
468 1887 549 1963 quod
569 1887 667 1964 operis
688 1891 734 1948 est
759 1887 861 1948 nostri.
883 1889 1071 1970 Quapropter

137 1989 176 2050 ad
194 1992 363 2066 superbiam
381 1993 545 2052 carminum
567 1991 759 2069 festinemus3
778 1993 856 2056 circa
877 2000 960 2074 quod·
980 1999 1072 2062 scien·

137 2102 210 2162 dum
221 2107 282 2176 est,
294 2105 375 2181 quod
388 2105 625 2182 praedecessores
641 2104 736 2168 nostri
751 2107 874 2168 diversis
889 2110 1070 2173 carminibus

138 2218 184 2278 usi
201 2225 272 2278 sunt
288 2217 320 2298 in
337 2219 522 2278 cantionibus
539 2219 614 2292 suis,
636 2221 716 2297 quod
737 2225 766 2280 et
786 2222 923 2284 moderni
941 2224 1069 2287 faciunt:
1090 2237 1104 2282 e

139 2323 194 2382 sed
217 2323 334 2383 nullum
358 2323 456 2383 adhuc
476 2321 642 2383 invenimus
664 2342 787 2384 carmen
814 2323 845 2385 in
869 2327 1070 2404 syllabicando

140 2435 382 2513 mmcasyuatum
403 2434 637 2509 transcendisse,
659 2455 715 2496 nec
739 2457 758 2496 a
780 2440 927 2515 trisylbcbo
949 2442 1070 2502 descen-

139 2537 227 2600 disse.
244 2541 281 2602 Et
294 2541 364 2602 licet
381 2544 528 2620 trisyllaba
542 2541 673 2602 carmine
690 2547 780 2618 atque
795 2543 1020 2620 endecasyllabo,
1036 2549 1066 2603 et

137 2647 278 2709 omnibus
304 2648 489 2710 intermediis
513 2653 650 2708 cantores
670 2645 746 2706 Latii
767 2646 814 2706 usi
835 2646 907 2720 sint,
921 2649 1067 2727 pentasyl-

138 2755 251 2832 lubum,
274 2759 304 2814 et
323 2755 542 2832 eptasyllubum,
564 2757 593 2814 et
613 2754 850 2814 endecasillabum
873 2755 904 2814 in
929 2775 988 2816 usu
1013 2756 1069 2816 fre·
1090 2771 1120 2818 to

139 2859 289 2934 quentiori
304 2860 470 2920 habentur:
488 2865 518 2920 et
537 2865 606 2938 post
626 2859 690 2920 haec
709 2861 889 2938 bispllwum
905 2863 976 2919 ante
995 2859 1067 2935 alia3

140 2985 268 3041 quorum
295 2966 431 3028 omnium
454 2969 696 3047 endecasyllabum
719 2967 836 3028 videtur
866 2986 934 3028 esse
965 2987 1066 3047 super·

139 3072 219 3147 hius,
230 3073 442 3149 tamtempctis
451 3070 659 3150 occupatione,
673 3090 765 3148 quam
775 3071 938 3149 capacitate
950 3077 1068 3134 senten·

138 3182 196 3257 tiae,
218 3179 464 3253 constructionis,
487 3184 517 3239 et
535 3177 761 3254 vocabulorum
784 3198 913 3256 quorum
934 3180 1068 3241 omnium

138 3289 314 3368 speciositas
340 3289 435 3368 magis
460 3288 671 3366 multiplicatur
696 3286 727 3348 in
754 3288 820 3362 illo,
849 3295 882 3349 ut
908 3287 1114 3348 manifestere

139 3400 276 3471 apparet;
294 3411 367 3453 nam
387 3392 565 3470 ubicumque
583 3393 750 3470 ponderosa
771 3393 1017 3472 multiplicantur,
1036 3398 1065 3458 et

139 3507 265 3582 pondus.
284 3505 322 3568 Et
340 3525 445 3567 omnes
463 3506 519 3567 hoc
537 3505 680 3569 Doctores
696 3507 889 3586 perpendisse
907 3507 1066 3579 videntur,
