2578 4038
258 203 314 260 288
611 209 649 251 ou
667 209 847 250 uouendum.

228 345 404 416 finierunt,
427 339 536 402 Christi
555 338 705 399 Vicari'um
721 337 883 398 Dominum
905 343 933 399 et
950 337 1193 400 Gubernatorem
1274 335 1275 376 i

262 453 439 516 eorundem:
458 453 487 511 et
504 469 557 527 per
575 465 777 524 consequenS,
794 445 907 506 habere
924 448 1125 522 utrorumque
1136 445 1193 506 Au·

261 559 438 622 ctoritatem.
461 557 508 617 Ad
538 555 595 616 hoc
622 553 824 631 respondens,
849 553 978 611 Literam
1004 551 1139 611 Matthaei
1165 560 1194 612 et

261 682 386 724 sensum
411 659 571 721 confiteor:
594 659 648 720 sed
669 659 749 735 quod
773 676 811 717 ex
830 657 881 717 illa
900 656 1010 718 inferre
1032 665 1191 730 conantur,
1274 719 1275 722 ,

170 785 174 794 ·
261 767 408 829 interimo.
426 765 606 842 syllogizant
622 762 702 824 enim
715 761 769 823 sic:
788 762 868 822 Deus
884 767 929 822 est
947 762 1095 850 Dominus
1110 765 1192 840 spirt-

212 892 242 938 10
261 878 385 937 toralium
402 878 431 934 et
446 874 660 950 temporalium:
678 871 823 932 Summus
840 871 977 932 Pontifex
995 875 1043 932 est
1059 870 1193 933 Vicarius

262 981 426 1072 [leigergo
453 984 500 1039 est
524 978 670 1038 Dominus
696 979 900 1056 spiritualium
927 983 956 1038 et
981 980 1193 1055 temporalium.
1274 955 1275 1008 3

262 1086 396 1162 Utraque
408 1103 540 1160 namque
554 1083 715 1161 propositio
729 1101 800 1142 vera
812 1087 869 1155 est,
886 1083 940 1142 sed
953 1077 1089 1143 medium
1103 1083 1194 1144 varia·
1274 1111 1275 1116 ¹

264 1197 325 1264 tur;
337 1196 367 1250 et
380 1189 513 1266 arguitur
523 1189 554 1250 in
568 1196 696 1266 quatuor
707 1188 855 1261 terminis,
865 1187 896 1247 in
908 1189 1015 1265 quibus
1030 1189 1131 1249 forma
1141 1191 1195 1266 syl·
1239 1257 1245 1268 ‚

261 1298 395 1376 logistica
409 1317 469 1357 non
484 1297 630 1368 salvatur,
644 1303 678 1355 ut
687 1299 768 1372 patet
786 1312 825 1352 ex
840 1291 875 1352 iis
893 1311 959 1368 quoe
973 1293 1011 1354 de
1024 1293 1195 1370 Syllopismo

216 1425 244 1469 rs
261 1406 441 1485 simpliciter.
459 1406 537 1466 Nam
555 1405 634 1465 aliud
652 1405 803 1480 estDous,
816 1401 897 1478 quod
913 1399 1070 1478 subjicitur
1085 1402 1117 1461 in
1136 1421 1196 1462 ma·
1274 1435 1275 1438 =

259 1513 330 1592 jori,
348 1517 377 1573 et
391 1512 471 1574 aliud
494 1513 629 1572 isicorius
645 1509 702 1568 Dei
709 1553 720 1585 ,
736 1508 816 1584 quod
833 1505 1010 1584 praedicatur
1026 1505 1057 1566 in
1076 1506 1196 1567 minori.
1274 1565 1275 1588 χ

261 1621 298 1680 Et
319 1619 344 1679 si
364 1619 431 1695 quis
448 1617 574 1678 instaret
595 1617 632 1676 de
652 1613 756 1674 Vicarii
777 1610 996 1687 aequivalenda,
1014 1609 1129 1672 inutilis
1151 1616 1196 1673 est
1274 1597 1275 1604 ἵ

260 1721 419 1782 instantia:
436 1721 505 1798 quia
519 1721 618 1780 nullus
636 1718 814 1791 VioariatuS,
834 1718 896 1779 sive
913 1716 1044 1794 divinus,
1062 1719 1127 1780 sive
1145 1721 1197 1780 hu·

261 1847 386 1901 manus,
410 1827 587 1905 aequivalere
607 1830 706 1904 potest
726 1823 881 1902 principali
901 1823 1092 1898 Auctoritati;
1115 1826 1195 1902 quod

213 1947 242 1992 το
262 1939 345 2012 patet
362 1936 400 1994 de
415 1935 480 1995 levi.
498 1935 576 1994 Nam
597 1927 723 2006 scimus,
746 1933 827 2009 quod
848 1931 1012 1992 Successor
1033 1932 1116 1993 Petri
1133 1953 1193 1994 non

261 2040 417 2116 aequivalet
433 2040 539 2100 divinae
555 2039 747 2113 Auctoritati‚
766 2041 875 2100 saltem
891 2039 922 2100 in
943 2042 1117 2117 operatione
1139 2041 1195 2102 Na-

260 2157 343 2209 turae.
352 2150 419 2210 Nou
436 2150 516 2211 enim
530 2155 631 2228 posset
642 2149 742 2210 facere
752 2157 866 2211 terram
878 2149 1042 2210 ascendere
1058 2167 1193 2220 sursum,

259 2273 315 2314 nec
330 2254 432 2330 ignem
449 2257 630 2318 descendere
648 2258 804 2329 deorsum,
822 2275 875 2335 per
893 2254 1024 2316 officium
1040 2253 1099 2315 sibi
1115 2274 1193 2315 com·
1274 2291 1275 2298 κ

259 2358 400 2420 missum:
419 2379 475 2421 nec
490 2360 582 2422 etiam
597 2365 720 2438 possent
736 2359 836 2421 omnia
851 2358 907 2420 sibi
923 2357 1069 2419 committi
1084 2381 1102 2418 a
1115 2339 1193 2431 D'eo,
1274 2369 1275 2374 ’

210 2473 237 2516 25
259 2460 401 2537 quoniam
412 2468 594 2540 potestatem
606 2465 729 2526 creandi
740 2470 769 2525 et
780 2465 915 2526 similiter
929 2465 1101 2543 baptizandi
1112 2467 1195 2528 nullo
1274 2479 1275 2552 f

258 2568 348 2627 modo
364 2568 445 2650 Deus
463 2569 650 2632 committere
667 2569 783 2650 posset,
806 2576 838 2631 ut
861 2571 1011 2632 evidenter
1031 2573 1194 2649 probatur;

257 2671 327 2734 licet
356 2677 498 2752 Mactatur
527 2677 711 2738 contrarium
742 2677 848 2739 dixerit
875 2677 907 2738 in
932 2685 1044 2756 quarto.
1073 2677 1195 2739 Scimus
1274 2673 1275 2742 i

259 2775 364 2852 etiam,
394 2781 474 2856 quod
500 2781 632 2852 Vicarius
661 2781 789 2842 bominis
818 2803 879 2844 non
906 2782 1063 2860 aequivalet
1094 2784 1135 2857 ei,
1163 2785 1194 2844 in
1274 2761 1275 2784 i

258 2889 405 2962 quantum
419 2885 476 2944 hoc
492 2886 571 2962 quod
585 2885 717 2944 Vicarius
733 2890 791 2945 est:
809 2887 878 2962 quia
895 2905 985 2947 nemo
999 2892 1102 2966 potest
1120 2890 1195 2949 darc

209 3005 238 3051 το
258 2991 337 3068 quod
354 3011 444 3052 suum
465 3012 526 3052 non
545 2998 599 3052 est.
617 2991 788 3052 Auctoritas
806 2991 951 3074 Principis
964 3012 1027 3052 non
1045 3001 1093 3054 est
1109 2995 1194 3054 Prin-

255 3095 342 3174 cipis,
361 3096 418 3156 nisi
435 3098 474 3158 ad
490 3116 592 3157 usum:
615 3095 684 3174 quia
703 3096 803 3155 nullus
820 3095 962 3174 Princeps
984 3096 1122 3174 seipsum
1144 3119 1196 3159 au·
1274 3167 1275 3180 χ

258 3201 402 3261 ctorizare
418 3206 530 3279 potest,
547 3195 682 3280 recipere
704 3207 805 3262 aulem
825 3208 937 3280 potest,
956 3208 1046 3281 atque
1065 3205 1196 3266 dimitte·

257 3323 302 3365 re:
321 3306 374 3365 sed
391 3307 482 3367 alium
500 3329 603 3370 creare
620 3328 681 3370 non
697 3313 812 3388 potest,
830 3311 900 3387 quia
916 3309 1026 3370 creatio
1043 3309 1195 3387 Principis

256 3427 294 3468 ex
309 3405 445 3487 Principe
463 3433 524 3473 non
542 3415 699 3491 dependet.
718 3414 846 3487 Quodsi
861 3416 903 3476 ita
920 3421 979 3489 est,
993 3415 1194 3475 manifestum

206 3527 234 3571 as
257 3520 303 3573 est
320 3515 399 3590 quod
417 3517 516 3586 nullus
533 3517 675 3594 Princeps
697 3522 796 3595 potest
823 3517 880 3578 sibi
904 3517 1086 3578 substituere
1107 3518 1196 3578 Vica·
1274 3589 1275 3616 1
