2578 4038
523 237 682 278 conpenrr.
1020 222 1070 278 361

115 351 250 420 materia,
269 365 314 404 me
329 350 356 403 la
370 364 458 402 mano
478 348 529 402 ohe
545 346 584 417 pli
601 351 708 415 trenna,
724 345 857 415 potrebbe
872 345 991 400 rendere
1010 361 1074 416 per-

112 446 184 513 fetta
197 443 217 496 l'
228 456 314 511 opera
330 455 392 494 sua:
409 439 488 506 Pan,
504 451 529 506 1,
546 434 613 503 1273
630 449 697 504 xm,
715 433 758 488 76.

184 530 232 583 rt.
253 529 306 584 Est
318 528 395 582 enim
408 525 527 581 Natura
539 525 570 579 in
583 525 674 578 Mente
682 523 777 595 primi
789 523 916 594 MotoriS,
930 526 979 596 qni
993 526 1073 581 Dens

112 623 169 672 est:
186 617 291 672 deinde
306 617 338 670 in
353 617 446 683 Coeto,
462 620 603 685 tanquam
616 613 647 666 in
662 611 790 682 Organo,
804 629 860 684 qno
875 614 1019 668 mediante
1031 615 1069 668 si-

114 705 254 762 militudo
269 703 414 758 Bonitatis
430 708 546 757 oeternoe
559 701 589 755 in
603 700 771 770 inferiorem
787 701 932 754 materiam
949 701 1075 772 explica·

113 801 173 850 tar.
188 793 230 848 La
241 793 347 847 Natura
360 791 450 846 infatti
465 790 570 862 prende
585 807 635 845 sno
652 807 730 845 corso
747 792 796 845 dal
809 790 906 845 divino
917 790 1071 860 Intelletto,

112 901 129 940 e
142 884 168 939 si
183 884 212 938 sa
224 883 322 954 quindi
333 882 403 935 Arte
417 896 560 950 segueoee
575 879 700 934 ministra
715 880 856 934 dell’Arte
866 887 954 935 stesso
967 879 994 934 di
1006 879 1069 934 Dio:

113 971 253 1042 1ns.‚xr‚
274 971 336 1026 100.
357 971 473 1025 Ecome
492 969 643 1024 eltrette'nti
664 969 812 1024 strumenti
836 969 872 1024 od
892 969 1004 1040 Orponi
1027 968 1072 1022 det

112 1062 222 1116 Mando
238 1057 332 1134 (Pan,
348 1075 385 1126 11,
402 1060 468 1131 121)
482 1075 601 1132 possono
621 1059 791 1130 riguerdorsi
810 1059 819 1112 i
840 1059 924 1123 Cieli,
944 1059 986 1112 de'
997 1057 1072 1130 quali

112 1151 131 1204 l’
146 1156 249 1204 eterna
262 1147 355 1202 Bantia
370 1148 432 1202 coll'
444 1149 516 1202 Arte
531 1163 599 1216 sna,
616 1147 658 1201 ch'
673 1149 688 1202 e
703 1148 730 1202 la
743 1147 873 1216 Natura,
889 1149 912 1202 si
928 1163 1006 1202 serve
1023 1163 1073 1219 per

111 1239 271 1294 ditiondere
290 1237 452 1309 rappiando
471 1237 592 1308 quaggiir
610 1238 635 1290 le
654 1254 704 1292 sue
722 1238 865 1293 benefiehe
887 1237 1073 1304 inssuenze‚a

110 1329 172 1384 oosi
187 1343 299 1398 sempre
314 1327 362 1399 piri
380 1326 554 1382 conformare
571 1327 624 1381 ella
639 1328 751 1398 proprie
770 1327 948 1398 somiglienza
966 1326 992 1380 le
1011 1341 1073 1380 cose

111 1422 187 1472 tutte
198 1423 314 1489 quante:
329 1419 344 1470 e
356 1418 385 1470 la
395 1416 496 1470 divina
509 1416 609 1481 Bonto,
619 1418 668 1470 ohe
678 1416 706 1469 di
716 1416 752 1469 se
762 1417 895 1470 itmondo
907 1417 1070 1485 imprenta:

112 1505 196 1572 Par„
216 1518 274 1573 vn,
289 1503 352 1557 too.
369 1505 457 1576 Sopra
471 1503 526 1572 oio,
544 1505 568 1558 si
581 1504 667 1558 rende
677 1509 752 1558 certo
764 1505 814 1557 che
827 1503 942 1572 bisogna
955 1519 1007 1580 pur
1017 1503 1073 1570 leg-

117 1609 201 1662 gere‚
219 1607 276 1646 non
290 1591 334 1662 gii
347 1609 361 1644 n
373 1593 537 1662 fluitantem
551 1593 709 1646 materiam
725 1609 738 1644 o
756 1593 782 1644 al
798 1591 879 1646 modo
893 1591 945 1644 che
956 1597 1035 1660 porta
1048 1590 1073 1641 ln

112 1679 247 1751 Volgata,
275 1681 298 1734 si
323 1688 482 1736 veramente
504 1682 705 1753 «inferiorem
724 1679 880 1735 materiam
888 1698 927 1747 ,o
953 1677 1072 1732 secondo

113 1770 166 1824 che
183 1769 283 1824 risulto
296 1769 341 1824 dal
357 1769 609 1840 Volgarizzemento
625 1770 669 1823 del
684 1768 787 1824 Ficino.
807 1765 984 1821 Nell’ordine
999 1766 1072 1820 della

113 1857 265 1912 Greazione
283 1857 310 1910 la
328 1858 453 1911 materia
468 1859 543 1911 resto
559 1858 736 1928 soppiacente
751 1859 845 1928 (tenne
865 1857 892 1910 la
908 1862 994 1925 porte
1010 1857 1072 1909 ima

111 1964 130 2003 o
147 1948 165 2001 l‘
178 1946 278 2017 infimo
294 1945 401 2020 luogo),
418 1963 433 2000 e
447 1946 481 1999 da
495 1961 558 2000 essa
572 1945 739 2000 sormaronsi
753 1946 790 2015 gli
805 1944 964 2016 Elementi,
978 1945 1072 1998 dende

111 2035 161 2108 poi
176 2035 200 2090 si
212 2051 351 2105 generano
367 2037 393 2090 le
408 2053 469 2090 cose
484 2035 638 2105 inferiori:
653 2036 701 2090 lin.
717 2036 760 2094 21.
774 2037 849 2104 Par.;
867 2049 950 2103 xxix,
967 2033 1012 2089 33.
1028 2033 1071 2089 No

113 2125 141 2180 al
166 2129 296 2195 presente
314 2123 382 2177 devo
401 2123 567 2179 tralesoiersi
586 2125 613 2178 d’
627 2141 770 2181 asservare
789 2142 868 2181 come
889 2127 990 2194 Dante,
1015 2140 1071 2178 non

111 2214 176 2268 solo
190 2219 286 2283 tragga
298 2212 372 2266 dalla
383 2212 501 2266 Natura
516 2221 619 2283 quanto
632 2221 731 2285 potera
741 2215 879 2286 riuscirgli
891 2213 1072 2271 conveniente

112 2321 129 2358 a
144 2303 248 2372 meglio
265 2302 331 2356 sarci
347 2302 493 2356 intendere
509 2303 527 2355 l'
538 2304 623 2372 Arte,
639 2321 684 2357 me
698 2305 750 2358 ohe
765 2304 829 2358 dell‘
840 2306 907 2358 Arte
921 2311 1026 2373 stesso,
1042 2302 1071 2356 di

111 2391 159 2448 cui
170 2391 208 2461 gli
222 2391 337 2461 splende
348 2391 460 2445 definito
471 2408 486 2445 e
499 2391 646 2461 grandioso
657 2392 685 2444 in
696 2398 789 2445 mente
799 2392 818 2444 il
827 2397 967 2459 coneetto,
985 2407 1069 2461 soppe

113 2478 216 2536 valersi
228 2495 279 2549 per
295 2480 526 2535 somministrerei
542 2496 596 2534 une
611 2479 705 2534 chiara
721 2478 819 2534 notizia
831 2479 903 2532 della
917 2478 1034 2534 Natura
1054 2497 1069 2534 e

112 2569 160 2624 del
173 2568 257 2623 modo
272 2576 361 2624 stesso
374 2571 426 2624 ohe
442 2569 497 2625 Dio
513 2587 528 2625 e
541 2570 569 2624 la
583 2569 698 2625 Natura
710 2575 830 2637 tengono
843 2569 982 2638 operando
999 2568 1070 2622 suile

111 2673 179 2713 cose
194 2657 333 2712 universe.

188 2745 233 2798 21.
256 2744 402 2816 Quidquid
416 2746 446 2800 in
465 2746 548 2800 rebus
573 2743 760 2815 inferioribus
784 2749 824 2799 est
846 2749 1008 2814 peceatum,
1035 2761 1071 2798 aa

111 2837 201 2906 parte
213 2833 345 2887 materne
354 2833 526 2902 subjacentis
537 2841 688 2902 peceatum
701 2838 750 2886 est.
765 2833 819 2887 Per
832 2839 902 2888 tutto
916 2834 1009 2904 quello
1020 2834 1071 2888 che

111 2924 141 2978 el
158 2929 290 2994 presente
309 2921 332 2976 si
350 2922 487 2990 discor-re,
508 2922 601 2978 chiaro
620 2921 775 2994 apparisce,
798 2923 896 2977 chela
915 2924 1070 2994 persezione

112 3010 189 3066 delle
206 3011 346 3066 Crantore
365 3011 452 3066 ellora
472 3012 590 3066 soltanto
606 3013 661 3083 pue
681 3027 772 3066 essere
791 3012 895 3080 intere,
916 3013 1026 3083 quondo
1045 3012 1071 3065 vi

112 3115 286 3155 concorrono
302 3099 462 3154 aformarle
476 3099 560 3154 ladio
577 3101 623 3154 eil
641 3101 718 3154 Gieto
734 3101 762 3155 in
775 3118 828 3156 sua
842 3102 921 3155 oirtri
933 3116 1071 3170 supremo

110 3205 129 3244 e
145 3188 171 3244 le
185 3189 325 3258 materia,
341 3190 392 3244 che
405 3189 469 3243 datl’
481 3194 577 3243 eterno
594 3189 697 3244 Valere
711 3207 799 3260 venga
813 3191 923 3247 dedotta
936 3206 986 3262 per
1000 3191 1070 3260 l'ep·

111 3283 211 3349 punto.
227 3277 272 3330 Ma
290 3277 409 3332 secondo
423 3277 443 3330 il
459 3293 538 3333 corso
553 3277 692 3332 ordinario
705 3278 733 3331 di
748 3277 870 3348 Nature,
890 3283 1010 3353 quant‘e
1025 3280 1072 3334 nel

113 3371 213 3421 nostro
227 3365 328 3420 Mondo
339 3368 402 3422 suol
413 3367 528 3422 riusoire
543 3367 715 3440 imperfett03
732 3367 798 3422 ecio
812 3385 862 3440 per
872 3369 984 3440 sagione
999 3368 1072 3422 della

113 3454 249 3527 aisettosa
265 3455 400 3511 materia.
423 3456 528 3511 Sitietta
542 3456 662 3512 dottrina
676 3457 693 3510 l'
705 3457 850 3528 Allighieri
869 3457 909 3512 vie
928 3458 977 3528 piri
996 3473 1027 3513 ce
1045 3458 1072 3512 la

113 3544 314 3615 rossemanno,
334 3545 518 3603 ottrendooelo
538 3545 714 3603 transformato
728 3547 756 3602 in
774 3546 873 3619 poesia.
888 3547 999 3604 Laonde
1015 3547 1071 3604 hen
