2578 4038
212 257 265 312 268
563 269 600 310 ns
619 269 799 310 nouandum.

215 399 327 460 dictum
348 407 407 474 est;
425 398 521 472 alind,
542 402 621 475 quod
642 399 779 476 superius
801 400 994 475 tangebatur:
1017 399 1149 473 scilicet,

216 514 248 569 ut
265 528 326 569 non
341 508 408 569 odio
414 553 422 582 ,
437 528 497 568 non
511 527 626 581 amore,
640 509 694 568 sed
708 508 772 568 solo
785 507 905 584 justitiae
922 508 999 579 zelo,
1012 508 1051 566 de
1065 525 1150 566 com·

167 623 195 668 25
216 617 299 676 muni
315 618 460 688 adsensu,
478 613 620 691 agonistae
647 633 701 672 seu
728 612 892 672 duelliones
909 612 1084 690 palaestram
1102 612 1148 671 in·

216 719 396 796 gradiantur.
414 718 450 777 Et
466 721 588 795 propter
610 717 668 777 boc
693 717 769 776 bene
794 715 923 788 Tullius,
941 735 1011 776 cnm
1029 718 1067 776 de
1087 717 1148 776 hae

215 830 365 901 tangeret3
381 823 533 900 inquiebat
555 823 649 883 enim:
665 825 720 882 Sed
738 823 824 898 bellu,
837 823 940 900 quibua
956 823 1082 904 Imperii
1102 842 1146 882 co·

215 949 289 990 rona
298 931 455 1006 proposita
470 937 526 1006 eat,
542 931 640 988 aniona
656 933 753 990 acerba
769 912 895 1008 peranda
910 937 986 988 aunt.
1005 930 1093 1002 Quod
1120 929 1146 988 si

217 1035 356 1095 formalia
369 1035 465 1096 Duelli
479 1038 626 1096 servanda
639 1043 709 1096 sunt
722 1037 818 1112 (aliter
834 1036 913 1096 enim
927 1036 1068 1096 Duellum
1082 1054 1143 1094 non

165 1149 196 1194 5⁰
216 1143 308 1212 esset)
322 1141 441 1219 justitiae
458 1142 636 1202 necessitate
653 1143 691 1202 de
707 1142 860 1202 communi
876 1143 1007 1201 adsensu
1024 1159 1146 1218 congre·

215 1247 274 1326 gati
291 1253 413 1325 propter
430 1244 530 1306 zelum'
543 1247 678 1325 justitiae,
696 1267 797 1308 nonne
817 1247 848 1307 in
868 1247 990 1307 nomine
1007 1246 1062 1307 Dei
1078 1266 1145 1307 con-

216 1348 328 1424 gregati
345 1353 435 1411 sunt?
451 1349 488 1408 Et
516 1350 539 1409 si
568 1353 623 1423 sic,
638 1371 739 1412 nonne
760 1352 841 1414 Dens
857 1352 888 1412 in
905 1355 1003 1413 medio
1026 1354 1147 1414 illorum

217 1461 275 1528 est,
294 1475 388 1532 quum
399 1455 463 1534 ipse
477 1457 507 1517 in
524 1457 685 1535 Evangelio
703 1460 789 1521 nobis
804 1461 861 1520 hoc
876 1459 1050 1536 promittat?
1065 1461 1102 1520 Et
1120 1462 1145 1523 si

216 1562 296 1622 Dens
315 1563 412 1636 adest,
430 1583 492 1624 non
510 1565 594 1625 netas
614 1573 672 1638 est,
690 1565 829 1626 habendo
845 1567 991 1644 justitiam
1008 1588 1144 1630 succum·

167 1679 196 1722 3³
216 1671 288 1730 bere
304 1689 409 1748 posse,
427 1690 518 1747 quam
534 1670 599 1748 ipse
615 1671 646 1730 in
667 1677 782 1732 tantum
806 1672 908 1748 diligit,
929 1679 1077 1750 qnantum
1098 1693 1145 1734 su-

215 1775 316 1854 perius
338 1781 542 1852 praenotatur?
559 1769 595 1835 Et
613 1777 638 1836 si
652 1777 766 1854 justitia
779 1777 810 1837 in
824 1765 927 1840 Duello
946 1783 1145 1842 succumbere

215 1883 329 1962 nequit,
351 1903 452 1945 nonne
470 1883 507 1944 de
533 1884 603 1942 lure
627 1881 801 1958 acquiritur,
820 1883 900 1958 quod
927 1902 982 1960 per
1002 1883 1145 1952 Duellum

216 1991 398 2068 acquiritur?

294 2099 381 2157 Hanc
397 2097 553 2158 veritatem
570 2099 661 2158 etiam
678 2101 811 2162 Gentiles
831 2105 900 2162 ante
922 2102 1027 2161 tubam
1048 2103 1145 2162 Evan-

163 2205 195 2250 40
215 2201 340 2276 galleam
363 2203 582 2278 agnoscebant,
606 2223 676 2263 cum
700 2204 845 2282 judicium
866 2205 1020 2265 atortuna
1048 2206 1145 2268 Duelli

214 2307 397 2380 quaerebant.
415 2305 502 2366 Unde
518 2307 595 2367 bene
612 2309 743 2385 Pyrrhus
760 2310 809 2370 ille
820 2316 884 2371 tam
899 2312 1034 2371 moribus
1051 2313 1146 2374 AEaci·

215 2410 333 2484 darum,
351 2431 442 2490 quam
459 2413 603 2490 sanguine
620 2399 797 2491 generosuS,
821 2437 890 2478 cum
910 2418 1013 2496 Legati
1033 2419 1145 2481 Roma·

214 2528 321 2587 norum
338 2536 393 2594 pro
409 2517 591 2580 redimendis
610 2523 733 2600 captivis
751 2526 789 2584 ad
805 2524 889 2586 illum
906 2526 991 2587 missi
1007 2527 1143 2601 fuerunt,

213 2624 378 2702 respondit:

161 2749 189 2794 45
297 2745 355 2800 Nee
370 2747 407 2800 mi
423 2763 524 2802 aurum
538 2763 640 2818 posco,
655 2767 708 2804 nec
722 2751 760 2805 mi
777 2751 897 2823 pretium
915 2753 1065 2821 dederitis3

169 2855 170 2860 ¹
298 2834 360 2888 Non
376 2844 563 2906 cauponantes
580 2839 700 2908 bellum,
718 2842 767 2896 sed
784 2842 991 2913 belligerantes

299 2924 399 2994 Ferro,
416 2944 471 2982 non
488 2945 557 2982 auro
573 2930 656 2984 vitam
671 2947 819 2988 cernamus
834 2934 955 3006 utrique.

263 3013 265 3018 ’
299 3013 390 3069 Vosne
407 3017 485 3084 velit,
502 3034 536 3071 an
554 3035 611 3087 mc,
630 3037 745 3088 regnare
763 3021 847 3090 Hera,
863 3024 964 3094 quidve
981 3025 1052 3080 ferat
1066 3041 1143 3097 sors,

300 3103 409 3158 Virtute
426 3106 611 3176 experiamur.
629 3107 660 3160 Et
676 3109 726 3162 hoc
741 3110 824 3164 simul
840 3113 932 3184 accipe
947 3113 1052 3170 dictum

300 3191 426 3254 Quorum
443 3194 534 3247 virtuti
551 3195 615 3248 belli
632 3195 743 3250 fortune
758 3201 881 3270 pepercit

299 3275 458 3334 Eorundem
473 3299 519 3336 me
533 3282 652 3344 libertati
666 3302 780 3356 parcere
794 3295 902 3346 certum
917 3297 976 3348 eat:

300 3366 379 3422 Dono
395 3370 495 3430 ducite.

212 3489 283 3549 Haeo
304 3492 445 3568 Pyrrhus.
467 3496 577 3556 Herum
599 3500 725 3561 vocabat
750 3503 926 3584 Fortunam,
947 3524 1039 3582 quam
1065 3506 1139 3568 Ocu·

210 3611 274 3652 acm
295 3597 400 3658 melius
418 3606 447 3659 et
463 3601 573 3662 rectius
591 3624 646 3666 nos
663 3609 792 3670 divinam
807 3611 1020 3674 Providentiam
1035 3615 1139 3691 appel·
