2560 4022
490 199 577 240 cinea
594 197 712 240 carnus.
1029 179 1065 234 39

215 327 245 393 Si
267 334 372 388 autem
395 327 488 389 istum
513 329 645 407 accipere
667 328 819 400 nolumus,
846 327 899 387 sed
922 325 1001 403 quod
1023 327 1061 385 ab

130 454 185 496 ore
207 434 376 512 primorum
400 433 567 494 Siculorum
594 438 730 505 emanat,
757 437 789 492 ut
814 431 844 490 in
869 431 1064 509 praeallegatis
1084 433 1113 477 ⁴⁰

128 541 328 603 cantionibus
345 542 490 620 perpendi
507 545 621 619 potest,
645 539 717 600 nihil
734 538 831 598 differt
843 540 886 598 ab
901 539 963 611 illo,
983 540 1063 616 quod

128 647 403 709 laudabilissimum
426 652 489 720 est,
511 648 587 706 sicut
608 644 731 707 iuferius
752 644 955 704 ostendemus.
976 643 1063 722 Apuli

132 773 267 832 quoque,
290 754 338 814 vel
360 752 441 814 asui
461 753 636 824 acerbitate,
658 751 705 811 vel
725 748 918 811 finitimorum
940 767 1063 808 suorum

130 855 338 933 contiguitate,
361 856 412 932 qui
436 855 577 928 Romani,
600 860 630 914 et
650 855 811 916 Marehiani
833 859 916 928 sunt,
939 853 1062 932 turpiter

133 962 339 1034 barbatiani,
358 941 460 1022 dicim
476 961 571 1022 enim:
1083 968 1110 1012 a

293 1097 436 1151 «Voluera
450 1097 500 1150 che
516 1095 677 1165 chiangesse
692 1096 719 1150 lo
734 1099 874 1167 quatraro.
889 1111 902 1146 a

130 1232 190 1293 Sed
211 1230 354 1310 quamvis
376 1229 532 1308 terrigenae
546 1230 634 1307 Apuli
649 1232 811 1308 loquantur
832 1231 962 1290 obscene
983 1249 1061 1290 com-

71 1415 74 1420 ·
129 1339 277 1412 muniter,
304 1337 517 1416 praefulgentes
545 1357 649 1398 eorum
676 1338 798 1415 quidam
826 1337 916 1415 polite
947 1337 1062 1413 loquuti

130 1451 213 1520 sunt,
230 1445 379 1506 vocabula
396 1445 552 1504 curialiora
564 1445 595 1504 in
612 1445 673 1505 suis
691 1443 884 1505 Gantionibus
902 1443 1061 1521 compilan-

134 1555 191 1622 tes,
208 1555 241 1610 ut
257 1547 421 1609 manifeste
439 1557 564 1626 apparet
582 1569 687 1610 eorum
704 1551 783 1610 dicta
799 1550 1060 1628 prospicientibus,
1083 1560 1112 1604 so

132 1659 265 1732 utputa:

296 1767 471 1837 «Madonna,
487 1766 569 1822 dirui
583 1767 709 1836 voglio.»

136 1890 173 1950 Et

296 2011 378 2065 «Per
392 2010 449 2064 fine
464 2026 559 2064 amore
574 2010 617 2064 vo’
627 2011 650 2064 si
662 2009 831 2064 lietamente.
845 2026 859 2061 i>

134 2137 322 2216 Quapropter
356 2123 510 2215 superiora
540 2136 713 2197 notantibus
741 2135 928 2198 innotescere
958 2137 1062 2209 debet,
1083 2140 1109 2184 ⁵5

133 2263 229 2322 neque
256 2244 405 2314 Siculum,
432 2263 530 2320 neque
556 2243 687 2320 Apulum
715 2263 786 2316 esse
810 2245 896 2320 illud,
922 2247 1002 2323 quod
1032 2245 1062 2304 in

135 2357 218 2417 ltalia
227 2355 465 2437 pulcherrimum
476 2361 521 2416 est
531 2357 670 2434 Vulgare,
681 2379 749 2419 cum
760 2359 942 2437 Eloquentes
954 2359 1062 2437 indige·

137 2486 191 2528 nas
208 2467 428 2528 ostenderimus
448 2487 466 2526 a
482 2466 601 2545 proprio
619 2467 782 2529 divertisse.

312 2729 314 2736 ·
429 2749 430 2752 ,
502 2701 600 2762 Carus
619 2700 694 2760 Xlll.

345 2915 380 2959 De
389 2915 503 2958 idiomate
512 2915 645 2957 tuscorum
655 2915 679 2954 et
688 2910 701 2952 J
703 2907 855 2953 anuensium.

210 3110 286 3172 Post
302 3109 359 3168 hos
375 3105 531 3168 veniamus
548 3103 587 3163 ad
603 3102 733 3174 Tuscos;
751 3097 801 3174 qui
817 3100 941 3176 propter
963 3115 1063 3156 amen·

131 3213 203 3274 tiam
216 3231 307 3274 suam
321 3207 468 3281 infruniti,
484 3206 603 3266 titulum
618 3203 673 3265 sibi
688 3201 823 3280 Vulgaris
841 3200 966 3263 Illustris
983 3220 1062 3260 arro·
1153 3269 1155 3276 Ι

131 3339 203 3399 gare
218 3319 361 3379 videntur
370 3361 378 3390 ,
395 3320 424 3376 et
439 3313 471 3374 in
486 3314 544 3374 boc
560 3331 622 3373 non
638 3311 736 3372 solum
751 3310 926 3388 plebeorum
944 3308 1063 3369 demen-

132 3431 177 3487 tat
190 3425 308 3503 opinio,
325 3422 378 3482 sed
395 3421 528 3481 famosos
549 3417 743 3495 quamplures
760 3416 839 3476 viros
858 3415 915 3475 hoc
934 3413 1063 3473 tenuisse

133 3531 357 3611 comperimus:
374 3533 445 3605 puta
461 3526 634 3587 Guittonenr
650 3523 821 3595 Aretinum,
839 3520 890 3598 qui
909 3537 1062 3595 nunquam
1083 3525 1097 3566 t
