2560 4022
478 199 565 240 maun
583 195 738 242 sucunnus
1035 191 1069 248 61

134 327 282 402 obtineat,
305 327 415 388 clarius
439 327 594 406 magisque
619 349 741 390 sursum
761 331 915 409 superbire
934 332 1068 410 ¹videtur3
1089 341 1117 386 ⁴5
1162 377 1163 382 η

133 434 188 494 sed
213 427 425 494 hoc'ultecius
450 435 659 496 elucidandum
689 444 854 499 remaneat.
883 441 921 502 Et
944 439 1068 503 dicimus

131 541 342 617 egatusyllobum
358 541 444 618 sequi
456 540 540 615 illud,
558 545 638 619 quod
654 543 821 605 maximum
835 549 881 606 est
898 546 929 606 in
946 548 1068 608 celebri·

133 651 203 705 tate.
230 646 307 706 Post
332 645 391 705 hoc
415 647 668 723 pentasyllabum,
696 654 726 708 et
749 649 856 712 deinde
880 652 1066 728 trisyllabum

136 753 325 816 ordinamus.
348 755 592 833 Idoneusyllubum
610 774 698 829 vero,
720 754 789 831 quia
810 755 990 833 triplicatum
1009 765 1071 835 try·

135 859 275 920 sillabum
299 858 470 934 videbatur,
495 861 542 921 vel
564 881 720 938 nunquam
743 861 774 922 in
796 863 912 922 honore
932 862 1001 936 fuit,
1021 864 1070 924 vel
1089 878 1118 923 50

136 975 256 1044 propter
282 965 439 1026 fastidium
463 965 599 1025 obsoluit.
620 965 820 1042 Parisyllabos
849 985 920 1026 vero
947 971 1069 1044 propter

137 1075 181 1135 sui
203 1073 372 1134 ruditatem
396 1092 459 1133 non
484 1072 608 1145 utimur,
636 1071 692 1132 nisi
719 1091 807 1146 raro3
831 1071 959 1133 retinent
988 1049 1087 1134 enim¹

134 1185 276 1241 naturam
292 1197 420 1239 suorum
439 1197 646 1252 numerorum,
665 1177 716 1256 qui
734 1178 866 1238 numeris
886 1177 1067 1258 imparibuS,

133 1286 395 1365 quemadmodum
418 1283 544 1345 materia
564 1285 682 1358 iormae,
704 1285 879 1348 subsistunt.
901 1287 938 1348 Et
958 1287 1001 1348 sio
1021 1307 1068 1348 re·

132 1389 305 1466 colligentes
319 1387 476 1465 praedicta,
489 1388 730 1467 endecasyllabum
745 1391 861 1452 videtur
878 1413 945 1455 esse
962 1414 1063 1472 super·
1084 1401 1112 1447 m

28 1481 33 1490 ’
131 1495 291 1556 bissimum
308 1513 447 1566 carmen,
462 1498 490 1554 et
507 1495 563 1555 hoc
580 1497 722 1572 estquod
739 1499 956 1574 quaerebamus,
977 1500 1065 1561 Nunc

134 1607 237 1660 autem
258 1599 355 1659 restat
374 1597 614 1675 investigandum
633 1601 671 1660 de
691 1604 948 1664 constructionibus
970 1606 1067 1682 altatio,

136 1711 167 1764 et
180 1705 340 1782 fauiqimia
355 1707 497 1766 vocubulis
500 1751 511 1783 ‚
521 1709 551 1766 et
561 1707 694 1778 demum,
705 1707 833 1768 fustibus
850 1710 1066 1786 torquibusque

136 1810 260 1886 paratis,
280 1811 465 1889 promissum
489 1813 616 1885 fascem,
640 1813 697 1872 hoc
718 1821 764 1874 est
784 1815 962 1893 Cunttomm,
992 1835 1063 1892 quo·

137 1917 225 1978 modo
239 1917 332 1995 ligare
350 1919 416 1996 quis
434 1921 557 1994 debeat,
572 1918 766 1981 instruemus
1088 1938 1117 1983 so

522 2158 618 2220 Cleon
640 2159 686 2220 Vl.

223 2368 258 2412 De
267 2369 337 2412 varia
347 2370 591 2424 constructioneque
599 2371 716 2415 utendum
725 2376 763 2416 est
772 2374 799 2417 in
810 2375 979 2419 cantionibus.

216 2555 291 2630 Quia
308 2555 389 2616 circa
416 2556 539 2634 Vulgare
557 2555 675 2617 Illustre
689 2564 792 2620 nostra
813 2563 949 2620 versatur
969 2559 1066 2619 inten-

134 2660 188 2735 tio‚
206 2662 290 2739 quod
310 2660 531 2722 nobilissimum
555 2665 601 2721 est
623 2649 764 2735 aliorumss
783 2667 812 2722 ct
833 2682 869 2722 ea
889 2680 956 2738 quac
976 2663 1064 2740 digna

134 2775 204 2830 sunt
213 2769 264 2830 illo
276 2771 403 2843 cantari,
414 2771 622 2843 discrevimus,
636 2789 702 2848 quac
714 2768 771 2830 tria
784 2769 967 2831 nobilissima
980 2775 1063 2844 sunt,

134 2880 168 2935 ut
183 2876 324 2954 superius
341 2883 387 2936 est
406 2876 608 2949 adst1·uctum;
632 2882 661 2936 et
682 2875 808 2950 modum
828 2875 1001 2935 Contionum
1020 2894 1065 2938 se·

134 2981 261 3058 legimus
279 2982 349 3054 illis,
367 2989 514 3059 tanquam
527 2981 653 3043 aliorum
669 2983 830 3056 modorum
844 3000 1016 3057 summum
1035 2990 1065 3044 et
1085 2994 1098 3037 5

136 3095 168 3149 ut
189 3089 291 3168 ipsum
316 3089 478 3168 perfectius
505 3090 629 3151 edocere
649 3088 814 3168 possimus,
837 3090 975 3165 quaedam
998 3089 1062 3167 jam

134 3193 385 3272 praeparavimus‚
405 3196 508 3254 Stitum
530 3194 677 3268 videlicet,
703 3199 792 3274 atquc
819 3195 963 3272 Cunnum
983 3213 1065 3256 nunc

135 3300 173 3361 de
200 3299 415 3362 commnione
441 3321 574 3378 agamus.
602 3303 656 3363 Est
682 3301 762 3363 enim
787 3303 953 3375 sciendum,
982 3300 1062 3379 quod

135 3405 536 3470 Constructioncm‘vocamus
556 3410 723 3486 regulatam
739 3409 946 3488 compaginem
963 3405 1063 3468 dictio·

134 3531 220 3586 num,
236 3521 270 3575 ut
277 3534 289 3573 :⁴
299 3513 462 3590 Attstotileo
468 3512 687 3592 philosophatus
700 3523 740 3576 eat
753 3524 875 3593 tempore
887 3511 1060 3590 Alexandri.
1082 3528 1111 3572 10
