2590 4038
228 252 283 308 244
579 269 616 310 nn
633 269 810 311 donincum.

229 397 484 480 praeeminentiam
500 400 673 462 tremuisse:
691 420 785 478 quum
800 399 918 460 videam
933 400 1061 478 populos
1078 419 1158 461 vana

228 510 422 584 meditantes,
441 517 473 570 ut
488 511 552 590 ipse
570 511 719 572 solebam:
731 529 825 587 quum
837 508 959 587 insuper
970 509 1089 570 doleam
1099 511 1155 570 Re·

228 636 280 696 ges
295 625 324 679 et
341 616 491 696 Principes
504 617 536 678 in
552 618 609 678 hoc
622 637 681 679 uno
698 617 928 691 concordantes,
943 621 976 678 ut
990 618 1152 679 adversen-

180 737 207 783 20
227 729 276 788 tur
297 725 425 787 Domino
450 744 517 798 suo,
536 731 566 786 et
582 724 679 784 Uncto
697 743 752 784 suo
770 723 906 784 Romano
928 722 1064 800 Principi.
1083 726 1155 784 Pro-

228 838 295 914 pter
317 835 397 911 quod
420 830 556 906 derisive,
576 851 637 891 non
654 829 719 890 sine
736 829 837 890 dolore
855 829 999 906 quodam,
1015 848 1084 890 cum
1101 830 1154 890 1110

196 939 200 951 '
228 939 358 1000 clamare
380 957 518 1016 possum,
536 956 590 1016 pro
612 935 726 1014 Populo
747 935 875 1012 glorioso
897 939 926 996 et
944 955 999 1013 pro
1023 934 1153 1008 Cesare,

228 1043 279 1122 qui
305 1064 358 1123 pro
385 1043 521 1121 Principe
550 1041 623 1102 Cocli
656 1043 823 1102 clamabat:
855 1041 949 1114 Quare
973 1042 1156 1115 fremuerunt

224 1162 336 1232 pantes,
356 1161 381 1212 at
396 1154 502 1230 popuii
522 1153 652 1212 meditati
666 1161 734 1213 aaut
750 1153 875 1214 inania?
891 1150 1051 1215 Astiterunt
1067 1159 1158 1235 nepes

179 1275 205 1319 rt
225 1267 325 1336 terrea,
339 1267 364 1319 at
377 1260 527 1336 Principes
542 1267 728 1320 convenerunt
740 1261 773 1320 ira
788 1280 890 1338 unani,
905 1262 1040 1322 adamatus
1057 1265 1156 1325 Domi-

226 1384 309 1441 num,
324 1371 350 1424 ct
366 1367 503 1426 aduersus
520 1364 751 1440 Christumque.
769 1365 893 1439 Verum,
915 1366 985 1443 quia
1008 1371 1156 1430 naturalis

226 1496 311 1537 amor
333 1475 504 1537 diuturnam
526 1491 593 1534 esse
614 1471 794 1543 derisionem
816 1492 877 1533 non
902 1473 1027 1552 patitur,
1046 1478 1101 1536 sed
1123 1484 1157 1538 ut

225 1582 277 1644 Sol
291 1581 422 1656 aestivus,
444 1581 494 1659 qui
515 1578 646 1658 disjectis
667 1579 784 1640 nebulis
806 1579 970 1656 matutinis,
993 1581 1092 1644 oriens
1113 1584 1158 1646 lu·

226 1687 359 1748 culenter
379 1665 513 1760 irradiat,
537 1686 684 1748 derisione
705 1687 831 1760 omissa,
848 1689 947 1750 lucem
963 1690 1156 1754 correctionis

177 1809 206 1856 au
225 1795 377 1858 effundere
400 1795 526 1869 mavult;
547 1794 586 1856 ad
612 1793 859 1873 disrumpendum
879 1794 997 1858 vincula
1015 1796 1156 1876 ignorau-

169 1929 174 1940 ·
224 1901 272 1962 tiae
298 1901 415 1978 Regum
435 1907 525 1978 atquc
546 1900 716 1978 Principum
736 1902 855 1978 talium,
879 1905 970 1966 etad
996 1909 1156 1972 ostenden·

226 2009 299 2070 dum
314 2009 415 2069 Genus
436 2007 604 2068 humanum
624 2007 751 2068 liberum
777 2029 796 2070 a
819 2009 891 2087 jugo
911 2008 1059 2088 ipsorum,
1083 2033 1153 2077 cum

189 2123 191 2126 ’
226 2115 376 2192 Propheta
394 2115 583 2177 sanctissimo
605 2135 654 2177 me
671 2117 891 2196 subsequenter
907 2122 1063 2198 hortabor,
1086 2126 1155 2186 sub-

226 2219 383 2297 sequentia
408 2221 585 2283 adsumens:
607 2223 847 2304 Disrumpamus,
868 2226 1017 2303 videlicet,
1041 2234 1156 2294 uinaria

178 2344 205 2392 55
224 2347 336 2405 aarum,
352 2335 377 2388 et
384 2329 582 2405 projiciamus
593 2347 613 2387 a
625 2329 707 2388 nobis
712 2330 820 2407 jupam
834 2331 972 2408 bacarum.

240 2467 243 2472 ·
306 2432 377 2492 Haec
398 2429 537 2509 equidem
556 2433 616 2493 duo
637 2432 709 2494 fient
729 2433 924 2510 sufficienter,
942 2437 967 2498 si
988 2441 1154 2502 secundam

225 2544 341 2619 partem
354 2538 509 2618 praesentis
522 2539 665 2618 propositi
676 2546 876 2619 prosequutus
891 2543 984 2617 fuero,
999 2550 1028 2606 et
1042 2545 1156 2608 instan-

227 2643 264 2706 tis
281 2645 453 2728 quaestionis
466 2645 622 2709 veritatem
636 2649 806 2710 ostendero.
823 2647 901 2709 Nam
914 2669 968 2727 per
986 2651 1057 2725 hoc,
1072 2655 1154 2730 quod

226 2753 398 2815 Romanum
415 2752 575 2830 imperium
596 2755 633 2815 de
650 2753 721 2815 iure
736 2753 829 2814 fuisse
846 2755 1074 2828 monstrabitur,
1092 2775 1155 2816 non

178 2873 207 2918 40
226 2861 322 2922 solum
341 2861 380 2920 ab
398 2861 491 2921 oculis
508 2859 624 2939 Regum
640 2864 669 2922 ct
683 2859 866 2938 Principum,
884 2859 935 2938 qui
950 2860 1155 2938 gubernacula

225 2963 345 3044 publica
365 2964 420 3025 sibi
440 2972 601 3044 usurpant,
623 2963 681 3026 hoc
700 2963 798 3042 ipsum
819 2965 856 3024 de
881 2964 1019 3026 Romano
1041 2967 1152 3044 populo

226 3070 409 3132 mendaciter
420 3070 637 3145 existimantes,
649 3070 822 3149 ignorantie
835 3073 945 3133 nebula
955 3074 1087 3148 eluetur;
1098 3074 1152 3136 sed

226 3177 370 3236 mortales
387 3196 491 3239 omnes
510 3197 576 3240 esse
590 3197 623 3240 se
639 3178 748 3239 liberos
762 3199 780 3239 a
794 3180 865 3258 jugo
882 3179 926 3241 sic
942 3181 1152 3258 usurpantium

226 3291 450 3356 recognoscant.
470 3285 586 3347 Veritas
608 3290 710 3348 autem
733 3287 905 3364 quaestionis
927 3293 1031 3367 patere
1051 3295 1152 3368 potest

180 3405 207 3450 u
225 3406 287 3448 non
309 3387 541 3452 solumiumine
565 3391 697 3456 Rationis
714 3393 865 3469 humanm,
884 3397 939 3458 sed
956 3401 985 3458 at
1004 3398 1089 3459 radio
1111 3398 1151 3458 di·
1202 3383 1205 3394 ’

226 3493 300 3554 rinoe
320 3493 520 3558 Auctoritatis.
539 3497 611 3572 Quae
627 3500 687 3560 duo
709 3519 779 3562 cum
799 3501 888 3564 simul
910 3503 949 3565 ad
966 3521 1061 3566 unum
1079 3523 1152 3568 cona

227 3607 364 3674 currunt,
379 3601 485 3662 Coeium
500 3609 525 3662 ct
546 3606 667 3666 Terram
681 3605 771 3668 simul
787 3609 934 3671 assentire
949 3629 1076 3671 necessa
1093 3614 1149 3671 est.
