2556 4032
229 143 264 198 74
504 157 541 199 ua
558 157 681 199 vucuum
699 157 891 218 utoouaurru.

229 287 298 348 licet
317 287 359 348 uti
379 289 417 350 ad
437 289 561 350 libitum.
583 290 620 352 Et
640 293 717 352 sicut
736 293 875 370 quaedam
897 293 1011 354 &ontio
1034 298 1081 354 est
1098 313 1165 354 uno

200 467 203 482 Ι
228 397 397 474 eptocyllobo
423 396 620 472 conformata,
647 399 688 459 sic
717 400 847 472 duobus,
878 399 989 474 tribus,
1012 407 1162 477 quatuor,

228 499 358 578 quinque
372 501 488 564 videtur
500 522 590 580 posse
604 503 735 579 contexi,
748 505 912 566 dummodo
925 503 956 565 in
975 503 1089 583 tragico
1100 505 1163 566 vin·

229 613 277 669 cat
289 610 543 688 mdmosylhtbum,
558 614 588 671 et
600 611 763 690 principiet.
779 612 994 672 Verumtamen
1008 613 1161 689 quosdam

181 721 208 766 50
228 714 266 774 ab
286 716 456 794 eptaayuobo
475 717 586 794 tragice
606 718 799 798 principiasse
824 717 1006 792 invenimus,
1023 717 1161 779 videlicet

228 819 395 882 Guidonem
411 823 448 882 de
464 821 626 884 Ghisileriis
642 827 671 884 et
686 824 867 898 Fabritium,
886 823 1109 885 Bononienses:
1154 893 1156 898 .

389 933 446 988 «Di
463 933 553 990 fermo
566 935 683 990 soffrire.
698 954 711 989 u

229 1021 280 1096 Et,

389 1119 523 1189 «Bonna,
541 1120 567 1174 lo
583 1119 672 1176 fermo
688 1135 808 1176 cuore.»

181 1220 206 1266 56
227 1207 279 1280 Et,

389 1305 452 1360 cLo
466 1307 522 1361 mio
537 1307 651 1362 lontano
667 1307 735 1379 gire.
749 1326 762 1361 o

227 1419 264 1481 Et
283 1421 431 1498 quosdam
452 1421 534 1484 alios.
553 1424 613 1484 Sed
634 1423 660 1485 si
676 1425 715 1485 ad
735 1443 841 1486 eorum
864 1443 988 1485 sensum
1010 1426 1160 1487 subtiliter

226 1526 338 1588 intrare
360 1527 499 1602 velimus,
521 1547 582 1589 non
603 1528 666 1588 sinc
691 1529 823 1605 quodam
843 1528 952 1606 Eleyiae
978 1529 1158 1591 umbraculo

226 1636 290 1695 haec
305 1637 457 1714 llayoediu
472 1637 635 1715 procedere
650 1635 805 1698 videbitur.
821 1636 864 1698 De
872 1639 1071 1716 auscultabo
1086 1657 1160 1715 quo·

179 1757 207 1802 lo
227 1763 286 1822 que
305 1764 366 1806 non
387 1744 429 1805 sic
449 1745 656 1818 concedimus;
679 1743 710 1804 in
732 1743 891 1804 dictamine
913 1764 1022 1823 magno
1052 1744 1164 1806 sufficit

224 1852 346 1914 unicum
356 1853 585 1930 pentasylhzbum
601 1849 632 1910 in
655 1856 719 1911 tota
738 1851 852 1910 &ontio
870 1850 1001 1922 conseri,
1024 1850 1071 1910 vel
1085 1917 1088 1921 .
1100 1851 1162 1912 duo

227 1962 265 2021 ad
280 1961 348 2039 plus
367 1960 399 2019 in
419 1960 557 2031 Peditum
574 1962 603 2018 et
621 1956 686 2017 dico
702 1957 733 2016 in
753 1958 876 2016 Pedibus
884 2002 895 2034 ,
912 1960 1034 2034 propter
1054 1975 1159 2017 neces·

225 2070 359 2140 sitalem,
376 2085 435 2143 qua
452 2067 626 2142 Pedibuaquc
652 2064 839 2140 Versibusquc
863 2065 1015 2123 cantatur:
1033 2062 1159 2124 minime

229 2177 331 2230 autem
348 2169 527 2246 trisyllabum
543 2166 574 2227 in
592 2167 705 2246 tragico
728 2168 844 2230 videtur
869 2189 936 2230 esse
960 2172 1160 2246 sumendum,

179 2297 204 2343 45
225 2299 328 2358 perse
348 2280 531 2354 subsistens3
554 2284 583 2340 et
604 2279 681 2354 dico,
696 2301 754 2358 per
773 2302 804 2343 sc
823 2285 991 2362 mudum,
1014 2284 1082 2362 quia
1105 2303 1162 2362 per

230 2387 382 2466 quandam
401 2385 591 2448 rithimorum
610 2388 869 2467 repercussionem
888 2391 1062 2470 frequenter
1080 2392 1160 2454 vide·

229 2505 278 2558 tur
298 2500 497 2573 assumptum,
519 2493 595 2557 sicut
614 2495 739 2558 inveniri
763 2503 864 2576 potest
888 2499 919 2560 in
941 2499 991 2560 illa
1013 2498 1157 2561 Guidonis

230 2600 406 2663 Florentini:

390 2704 511 2759 «Donna
525 2704 565 2760 mi
578 2721 677 2779 prega,
694 2707 788 2779 perch’
798 2707 825 2763 io
839 2707 928 2780 voglio
943 2708 1013 2764 dire.
1025 2727 1039 2763 u

182 2836 209 2880 50
228 2823 266 2885 Et
281 2822 312 2884 in
327 2823 377 2885 illa
394 2841 486 2900 quam
503 2821 647 2883 diximus:

391 2949 509 3004 «Pescia
523 2949 566 3005 ch’
574 2949 661 3004 Amor
676 2949 722 3003 del
736 2954 809 3005 tutto
825 2951 903 3006 m'ha
918 2951 1067 3008 lasciuo.»

230 3071 293 3132 Neo
308 3089 362 3149 per
378 3089 412 3130 se
431 3069 471 3131 ihi
488 3088 602 3130 carmen
624 3073 670 3128 est
686 3066 820 3139 omnino,
836 3066 890 3126 sed
908 3085 978 3143 pars
995 3067 1157 3144 endecasyl-

230 3162 290 3234 tadi
309 3179 437 3246 tantum,
454 3173 492 3232 ad
512 3173 666 3235 cithimum
687 3172 881 3251 precedentis
902 3173 1055 3246 carminis,
1075 3172 1156 3232 velut

231 3281 313 3341 Echo
339 3278 533 3355 respondens.
562 3279 585 3339 l:
613 3278 684 3341 satis
712 3278 793 3351 hinc,·
819 3278 941 3351 Lector,
971 3275 1155 3338 sufficienter

183 3400 209 3444 so
227 3385 335 3464 eligere
354 3391 451 3463 potes,
470 3383 595 3461 qualiter
609 3383 662 3444 tibi
677 3382 860 3443 habituanda
876 3381 915 3442 sit
928 3382 1064 3442 Stadia:
1077 3381 1156 3440 hudi-

231 3497 298 3554 tudo
322 3511 452 3570 namque
473 3491 550 3553 circa
570 3495 701 3554 carmina
722 3491 939 3554 consideranda
962 3489 1088 3552 videtur.
1122 3489 1160 3550 Et
1266 3567 1267 3570 Ἴ
