2560 4022
174 199 213 254 2⁵2
449 207 487 250 nn
505 207 630 251 wanlai
649 205 841 256 nnoooaurm.

174 347 260 405 actus
275 340 386 403 locutio
404 359 466 402 non
480 344 539 414 est,
559 341 613 401 sed
627 341 766 418 quedam
779 339 904 401 imitatio
918 340 984 402 soni
995 345 1115 404 nostrae

173 446 270 520 vocis,
289 447 336 507 vel
352 446 432 523 quod
449 445 584 506 nituntur
600 444 710 507 imitari
726 465 795 520 nos,
810 447 841 508 in
856 454 1002 525 quantum
1019 469 1108 513 sona·

120 561 153 606 ⁴5
172 572 255 625 mus,
273 553 327 613 sed
344 552 452 612 nonin
469 555 616 630 quantum
631 551 790 630 loquimur.
807 553 893 615 Unde
915 555 940 616 si
962 575 1109 635 expresse

172 661 281 722 dicenti
300 663 458 721 resonaret
475 659 568 721 etiam
583 659 667 734 Pica,
682 680 744 722 non
759 667 840 722 esset
852 663 910 723 hoo
925 663 983 724 nisi
998 684 1112 743 reprae·

172 770 313 842 sentatio,
330 769 379 828 vel
393 764 518 827 imitatio
540 763 605 826 soni
627 763 719 838 illius,
742 765 793 842 qui
808 765 892 843 prius
914 765 1048 828 dixisset.
1065 768 1104 828 Et

88 939 91 946 .
171 877 216 940 sio
233 881 316 956 patet
333 874 388 937 soli
404 870 517 935 homini
535 873 640 933 datum
655 871 749 932 fuisse
765 870 854 950 loqui.
869 871 929 934 Sed
944 893 1038 950 quare
1054 893 1104 935 ne·

169 986 335 1047 cessarium
351 981 515 1054 sibilaret,
533 971 669 1038 breviter
680 980 865 1056 pertractare
882 994 1036 1038 conemur.

550 1225 648 1288 Gerar
672 1225 719 1286 lll.

262 1411 331 1463 Quod
344 1411 510 1456 necessarium
524 1412 571 1455 tuit
582 1411 676 1454 homini
691 1411 865 1456 commercium
879 1411 1008 1455 sermonis.

247 1619 325 1681 Cum
337 1619 427 1698 igitur
440 1619 532 1680 homo
546 1639 608 1681 non
622 1625 739 1681 naturae
751 1618 906 1693 instinctu,
916 1621 971 1680 sed
984 1617 1107 1680 ratione

163 1733 336 1804 moveatur,
350 1733 381 1789 et
396 1728 462 1806 ipsa
476 1727 553 1789 ratio
566 1727 612 1788 vel
627 1726 707 1788 eirca
721 1725 947 1809 discretionem,
959 1727 1008 1787 vel
1021 1726 1109 1787 circa

161 1836 321 1915 judicium,
338 1837 386 1897 rel
400 1835 480 1897 circa
495 1833 673 1896 electionem
687 1832 903 1894 diversificetur
917 1833 948 1892 in
961 1831 1100 1910 singulis,

162 1943 239 2002 adeo
256 1946 289 2002 ut
304 1942 368 2002 fere
389 1940 512 2018 quilibet
533 1959 588 2000 sua
602 1925 731 2017 ¹propria
752 1939 852 2017 specie
872 1939 1008 2022 videatur
1030 1959 1105 2016 gau·

126 2049 252 2121 odera
274 2067 328 2125 per
353 2045 492 2124 proprios
520 2051 619 2119 actus,
640 2048 689 2107 vel
714 2047 886 2125 passiones,
915 2052 948 2109 ut
975 2049 1098 2109 brutum

161 2155 286 2226 animal,
303 2152 456 2213 neminem
473 2151 565 2213 alium
584 2150 749 2228 intelligere
775 2151 952 2230 opinamur3
968 2172 1025 2214 nee
1041 2171 1100 2231 per

161 2259 347 2337 spiritualem
364 2257 617 2337 speculationem,
636 2263 670 2320 ut
694 2259 856 2338 Angelum,
876 2261 1004 2322 alterum
1026 2263 1097 2321 alte-

160 2383 230 2424 rum
258 2363 379 2427 introire
402 2364 562 2441 contingit,
582 2384 652 2426 oum
676 2366 813 2443 grossitie
833 2372 924 2445 atque
949 2367 1098 2447 opacitate

160 2468 296 2530 mortalis
314 2470 448 2549 eorporis
466 2470 618 2532 humanus
635 2471 757 2550 spiritus
779 2472 818 2534 sit
838 2475 989 2535 obtentus.
1004 2475 1099 2554 Opor-

114 2588 143 2634 10
163 2577 218 2638 tuit
232 2597 311 2654 ergo
324 2595 419 2655 genus
440 2578 609 2640 humanum
628 2581 667 2640 ad
692 2581 944 2643 comunicandum
967 2582 1046 2644 inter
1060 2597 1097 2644 se

162 2685 372 2764 conceptiones
399 2706 481 2761 suas,
507 2687 628 2766 aliquod
654 2689 799 2750 rationale
824 2683 954 2766 signum,
982 2696 1011 2750 et
1035 2709 1097 2750 sen·

160 2796 241 2854 suala
270 2795 399 2868 habere3
427 2794 497 2872 quia
527 2815 598 2856 cum
627 2793 737 2872 aliquid
768 2815 787 2855 a
812 2794 928 2857 ratione
958 2794 1099 2874 accipere

161 2900 283 2973 habeat,
310 2905 339 2960 et
362 2900 394 2960 in
419 2900 567 2962 rationem
588 2905 721 2978 portare,
746 2903 888 2963 rationale
915 2919 983 2962 esse
1009 2919 1096 2979 opor·

163 3004 231 3074 tuit;
248 3026 377 3084 cumque
390 3009 428 3068 de
444 3027 506 3068 una
523 3005 639 3068 ratione
657 3006 686 3067 in
703 3007 793 3069 aliam
809 3008 882 3069 nihil
899 3007 1009 3069 deferri
1026 3027 1095 3086 pos·

114 3121 143 3168 15
164 3115 201 3176 sit
217 3115 273 3176 nisi
294 3133 348 3192 per
367 3114 503 3177 medium
527 3117 680 3190 sensuale,
697 3118 829 3178 eernnala
851 3135 919 3176 esse
945 3114 1096 3194 oportuit;

75 3233 76 3240 ’
161 3223 232 3300 quia
250 3221 275 3282 si
296 3225 414 3282 tantum
429 3223 571 3284 rationale
587 3229 680 3298 esset,
698 3222 882 3303 pertransire
899 3242 961 3283 non
975 3226 1095 3300 posset:

162 3325 188 3385 si
214 3330 332 3386 tantum
357 3329 504 3406 sandala,
528 3348 584 3390 neo
610 3351 629 3391 a
660 3330 777 3392 ratione
804 3330 953 3410 accipere,
980 3349 1037 3392 nee
1062 3330 1096 3391 in

160 3432 309 3492 rationem
327 3431 477 3510 deponere
495 3434 652 3513 potuisset.
668 3437 734 3498 Hoc
755 3435 894 3515 equidem
911 3437 1030 3517 signum
1047 3442 1095 3499 est

161 3539 260 3616 ipsum
277 3539 448 3618 subjectum
464 3541 577 3618 nobile,
595 3544 633 3606 de
651 3562 711 3620 quo
725 3543 889 3623 loquimur:
908 3551 1016 3608 natura
1032 3564 1095 3606 scra·
