2578 4038
481 350 567 390 mann
587 351 718 394 nennius,
1010 345 1064 400 293

128 478 206 554 quod
228 478 262 538 in
292 486 399 540 monte
426 481 724 561 TransfigurationiS,
746 487 776 546 in
797 497 957 566 conspectu
980 491 1062 552 Chri·

126 582 173 655 sti,
194 583 310 662 Moysis
330 593 361 647 et
377 589 449 648 Eliae
467 595 497 666 et
512 590 641 651 duorum
658 592 786 653 filiorum
803 595 952 669 Zebedaei,
975 595 1060 658 dixit:

126 691 262 769 Domine,
293 695 401 753 bonum
420 702 459 753 est
478 713 530 754 nos
557 696 603 754 hio
623 715 699 754 ease:
718 699 746 756 si
765 700 820 774 vis,
845 699 988 773 faciamus
1014 702 1060 759 hic
1081 717 1109 762 60

124 796 182 852 trio
197 797 406 875 tabernaculo,
423 801 487 859 Tibi
499 820 602 880 unum,
613 803 709 882 Moysi
721 826 824 884 unuln,
838 817 864 868 et
874 810 951 870 otto
963 830 1060 871 ortum.

125 900 198 961 Item
226 905 353 977 ¹scribit,
380 908 550 983 quodcum
575 909 717 988 Discipuli
743 920 845 974 essent
869 915 900 976 in
926 917 1062 979 navicula

125 1013 261 1088 tempore
284 1015 395 1086 noctiS,
414 1019 443 1073 et
464 1013 600 1074 Christus
623 1017 790 1077 ambularet
819 1037 909 1096 super
935 1039 1060 1096 aquarn,

123 1115 229 1177 Petrus
247 1118 340 1180 dixit:
357 1121 491 1196 Domine,
506 1123 534 1179 si
550 1123 593 1180 To
608 1142 652 1199 es,
661 1124 733 1199 jube
745 1143 789 1184 mo
802 1128 842 1185 od
859 1127 896 1186 Tc
908 1130 1002 1188 venire
1014 1147 1060 1188 su-

119 1241 173 1297 per
188 1243 296 1301 aquae.
312 1226 389 1285 Item
406 1225 523 1299 scribit,
543 1229 623 1304 quod
640 1247 709 1288 cum
724 1229 859 1292 Christus
877 1233 1061 1310 praenuncia·
1081 1255 1107 1299 or

125 1336 169 1390 ret
184 1311 381 1404 ¹scandalum
402 1331 557 1410 Discipulis
580 1332 659 1406 suis,
677 1334 784 1395 Petrus
809 1338 976 1413 respondit:
995 1340 1061 1399 Etsi

123 1454 217 1497 omnes
225 1441 425 1500 scandalizati
436 1440 549 1514 fuerint
559 1441 593 1498 ic
606 1439 654 1512 Te,
666 1459 713 1517 eqo
726 1460 874 1518 nunquam
883 1445 1060 1505 scandalizo·
1115 1507 1118 1514 ,

124 1537 181 1599 ior.
199 1542 238 1604 Et
255 1543 351 1604 infra:
370 1547 435 1606 Etsi
450 1548 608 1624 oportuerit
624 1567 667 1605 me
680 1548 767 1605 sirnul
782 1549 859 1606 mori
878 1553 981 1624 tecum,
1002 1567 1060 1608 non

127 1649 163 1707 Te
174 1653 296 1728 cepeto.
310 1653 347 1712 Et
360 1653 417 1712 hoc
432 1652 524 1714 etiam
537 1658 722 1712 contestatur
734 1651 863 1734 Marcus.
878 1652 973 1712 Lucas
988 1671 1059 1714 vero

124 1753 238 1830 scribit,
267 1759 398 1817 Petrum
424 1757 515 1819 etiam
542 1757 653 1817 dixisse
681 1756 815 1830 Christo,
837 1777 945 1835 parurn
966 1777 1058 1836 supra
1079 1774 1106 1821 70

125 1861 214 1922 verba
229 1864 392 1940 praemissa
407 1865 443 1924 de
458 1863 581 1924 Gladiis:
597 1865 735 1940 Domine,
751 1871 842 1922 tecum
851 1871 979 1940 paratus
995 1883 1060 1923 aum

122 1971 148 2022 *et
158 1968 348 2029 incurrerem
363 1978 388 2028 et
404 1971 563 2030 inmortom
576 1973 628 2029 ire.
645 1970 797 2056 lohannes
816 1963 918 2029 aulem
936 1968 1004 2029 dicit
1021 1970 1058 2030 de

125 2070 186 2148 illo,
203 2077 373 2154 quodcum
390 2075 527 2136 Christus
544 2077 633 2136 vellet
650 2076 706 2137 sibi
718 2079 818 2138 lavare
832 2077 934 2155 pedes,
949 2077 1057 2137 Petrus

125 2180 177 2242 ait:
194 2185 332 2258 Domine,
351 2191 381 2244 tu
398 2185 565 2244 militianus
578 2186 687 2263 pedes?
703 2186 740 2246 Et
755 2186 845 2247 infra:
863 2187 930 2247 Non
950 2187 1058 2248 locabis

125 2291 195 2351 milvi
205 2294 297 2369 pedes
313 2294 344 2350 io
364 2297 511 2350 (eternum.
532 2290 608 2350 Dicit
629 2290 732 2363 etiarn,
753 2290 852 2368 ipsum
872 2290 968 2367 gladio
989 2310 1053 2368 per·
1074 2307 1100 2352 75

125 2397 258 2458 cussisse
292 2395 420 2456 ministri
455 2415 591 2456 servum:
625 2397 704 2471 quod
738 2396 828 2456 etiam
860 2400 1053 2458 conscribunt

127 2515 231 2563 omnes
249 2508 387 2579 quatuor.
398 2502 473 2563 Dicit
488 2503 578 2562 etiam
594 2502 761 2576 lohanneS,
776 2504 875 2580 ipsum
887 2505 1054 2573 introivisse

128 2607 237 2682 subito,
258 2627 328 2668 cum
341 2609 421 2670 venit
434 2608 464 2667 in
481 2614 723 2680 monumentum,
737 2607 841 2668 videns
860 2608 951 2669 alium
965 2609 1054 2669 Disci-

128 2711 229 2784 pulum
247 2720 439 2774 cunctantem
456 2714 495 2772 ad
516 2712 634 2772 ostium.
653 2711 729 2772 Dicit
748 2711 870 2786 iterum,
894 2714 973 2790 quod
995 2715 1066 2775 exi·‘

128 2823 224 2882 stente
249 2821 369 2882 Christo
397 2822 427 2881 in
456 2819 555 2892 litore,
583 2825 650 2896 post
674 2819 952 2895 Resurrectionem,
983 2842 1053 2882 cum
1073 2837 1101 2884 80

126 2920 230 2986 Petrus
249 2925 424 3000 audivisset,
443 2926 512 3002 quia
528 2926 672 2986 Dominus
689 2931 784 2998 esset,
801 2926 949 2987 subcinxit
963 2948 995 2988 se
1010 2935 1053 2988 tu·

127 3027 192 3091 nica
220 3036 297 3109 (erat
324 3031 403 3090 enim
429 3030 550 3104 nudus),
574 3038 603 3090 et
622 3029 703 3090 misit
723 3049 756 3089 se
775 3028 806 3088 in
826 3049 920 3089 mare.
942 3029 1051 3091 Ultimo

125 3132 205 3210 dicit,
224 3138 304 3214 quod
321 3157 392 3197 cum
408 3137 514 3198 Petrus
536 3136 658 3196 vidisset
679 3137 860 3208 iohannem,
879 3136 949 3224 dinit
967 3137 1049 3198 lesu:

127 3241 260 3324 Domino,
276 3247 324 3304 lvio
344 3252 437 3304 auton
464 3243 553 3322 quid?
569 3243 656 3304 Juvat
674 3242 781 3320 quippe
802 3242 871 3302 talia
888 3243 925 3303 de
949 3243 1051 3304 Archi·

127 3350 274 3410 mandrita
290 3355 393 3412 nostro
411 3350 442 3409 in
462 3349 583 3409 laudem
604 3367 666 3407 suae
687 3346 823 3425 puritatis
845 3349 1047 3409 continuasse:
1070 3371 1098 3416 85

127 3451 278 3534 inquibus
297 3464 399 3535 aperte
425 3453 670 3534 deprehenditur,
688 3455 768 3540 quod
791 3473 861 3514 cum
877 3456 914 3528 de
932 3455 1047 3516 duobus

127 3557 234 3622 Gladiis
250 3563 442 3639 loquebatur,
459 3559 624 3622 intentione
641 3559 766 3638 simplici
786 3561 989 3637 respondebat
1009 3562 1047 3622 ad

124 3659 283 3725 Christum.
475 3669 479 3676 '
