2576 4052
221 181 276 236 372
493 227 497 236 ,
579 194 616 234 oe
634 194 812 236 orosnncnn.

219 311 273 365 che
282 327 332 381 per
346 310 446 364 sitiatto
462 303 635 364 riiacimento
647 310 693 364 del
709 310 790 366 Testo
800 325 856 366 non
870 311 894 365 ci
908 311 932 364 si
948 311 1072 366 rendeva
1081 309 1186 367 chiara

219 414 237 452 e
252 405 327 454 certa
341 399 368 454 la
382 405 522 454 sentence.
540 398 580 454 La
595 399 691 470 quate,
707 416 757 455 ove
777 399 834 456 ben
848 401 872 456 si
887 401 1025 456 consideri
1044 400 1063 454 il
1079 417 1184 471 prece-

221 487 304 542 dente
319 488 543 558 regionamento‚
559 487 670 542 vienea
690 487 874 557 reffermarei,
892 489 944 542 che
956 487 1051 556 lodic,
1072 493 1183 541 veneto

220 575 340 646 qnaggiri
353 592 370 631 a
381 576 489 630 vestirsi
504 575 567 629 detl'
582 591 684 630 umana
698 592 796 644 carne,
810 577 928 645 dovera,
945 579 1001 632 cosi
1017 593 1034 632 a
1048 577 1097 631 noi
1109 575 1184 630 fatto

223 664 413 736 Visibile,per
425 665 452 720 la
464 665 543 719 virtc'c
555 664 598 719 cle'
609 665 745 719 miracoli
757 666 932 723 dimostrarci
941 669 967 723 le
980 674 1092 738 segreie
1107 667 1184 722 cin-

220 753 328 808 cieibiti
345 771 407 809 cose
426 753 471 809 del
490 753 578 821 Gielo;
596 770 611 808 e
631 753 681 808 che
694 753 754 824 Egii
767 755 873 826 percio,
888 755 987 811 stando
1002 757 1032 811 in
1049 756 1126 811 Gielo
1144 755 1183 810 ed

221 843 366 898 essendoci
380 844 539 912 Invisibitc,
556 860 650 898 avesse
665 860 681 898 a
696 844 833 914 produrre
848 845 891 898 de'
902 843 1027 899 miracoli
1042 861 1095 916 per
1108 844 1181 899 farei

220 931 309 986 talora
319 931 487 1001 distinguere
498 933 571 986 nelle
579 931 687 986 visibili
697 947 759 986 cose
769 937 844 987 certe
856 932 883 986 la
893 949 944 988 sua
952 932 1073 987 Volontc
1083 949 1099 987 e
1110 933 1184 986 l'in-

220 1021 335 1076 fallibite
346 1021 445 1091 sigillo.
456 1021 552 1076 Donde
567 1037 624 1075 non
635 1019 674 1073 mi
685 1019 710 1074 fa
721 1021 894 1090 moraviglia,
906 1021 957 1075 che
967 1021 1034 1092 quel
1046 1021 1181 1076 vaioroso

221 1110 321 1165 Critico
335 1111 375 1164 sia
388 1116 498 1165 tornato
512 1111 633 1181 soprato
647 1115 736 1164 stesso
750 1109 893 1181 pensiero,
909 1109 944 1163 ed
957 1109 1039 1164 abbia
1053 1110 1101 1181 poi
1111 1126 1180 1164 con-

221 1204 338 1267 gcgnata
352 1198 444 1268 quella
455 1198 576 1267 lezione,
593 1199 673 1253 ch'io
691 1215 742 1270 per
757 1216 852 1254 amore
867 1199 895 1254 di
910 1199 998 1254 veriti
1013 1198 1053 1252 mi
1067 1215 1120 1253 son
1136 1215 1180 1253 re·

219 1290 281 1339 cato
295 1301 312 1339 a
331 1285 422 1340 debito
439 1285 465 1340 d'
476 1285 594 1340 inserire
612 1287 660 1341 nel
674 1287 764 1341 Testo.
779 1286 801 1339 Ε
815 1287 863 1359 qui
877 1287 917 1340 mi
930 1287 1009 1358 piace
1023 1286 1053 1340 di
1066 1287 1182 1355 soggiu·

219 1390 304 1441 gnere
317 1375 572 1446 l’intcrpretazione
582 1375 660 1429 oh'ei
673 1393 708 1430 ne
721 1391 821 1447 porge:
840 1393 854 1428 (ι
867 1376 957 1441 Deus,
969 1375 1041 1429 dum
1054 1373 1180 1428 visibilis

220 1465 251 1517 in
267 1463 381 1518 Christo
400 1468 482 1533 esset,
504 1469 536 1520 ut
555 1465 714 1519 invisibilia
733 1463 903 1518 Divinitatis
924 1479 1036 1518 arcana
1055 1461 1180 1532 monife·

219 1559 322 1621 staret,
338 1554 481 1610 miracula
495 1555 661 1610 hominibus
673 1554 805 1610 ostendit.
819 1553 930 1608 Eadem
943 1552 1071 1620 ratione,
1084 1551 1177 1617 Deus,

219 1661 296 1699 nunc
310 1660 412 1699 rursus
425 1643 591 1712 invisibilis,
609 1645 648 1699 od
661 1643 885 1716 sipnificandum
897 1641 1065 1696 Romanum
1082 1640 1181 1711 Impe-

218 1734 298 1788 rium
319 1733 395 1788 orbis
417 1721 579 1797 terrorum,
603 1728 676 1787 idest
697 1734 827 1805 effectum
852 1731 1013 1798 visibilem,
1036 1730 1179 1785 divinitus

219 1839 276 1877 csse
285 1821 543 1892 praedestinatum,
558 1821 704 1876 Miracnla
719 1821 885 1874 Romanam
903 1819 1060 1873 historiam
1080 1835 1179 1872 conco·

219 1911 358 1965 mirantia
377 1914 512 1980 operatus
531 1914 587 1977 est,
603 1914 632 1964 et
648 1913 830 1981 operatur.»
851 1907 873 1960 Ε
893 1906 981 1962 diietti
1000 1905 1179 1976 l‘Allighicri

220 2016 303 2054 avena
316 1999 360 2069 gii
373 1998 503 2052 asserito:
522 2015 535 2050 n
548 1997 655 2063 Deum,
672 1997 838 2053 Romanum
852 1995 1021 2066 Principem
1031 1995 1179 2067 predesti-

177 2083 179 2090 ’
218 2105 302 2144 nosse
316 2089 424 2142 relucet
438 2090 469 2140 in
483 2087 568 2141 miris
584 2087 742 2158 effectibus:
756 2106 770 2140 p
786 2087 838 2158 Ep.
854 2087 934 2156 ch.,
950 2086 964 2160 ᾗ
979 2101 1029 2142 vn.

497 2287 642 2372 Cirrroeo
657 2318 691 2372 V.
703 2347 737 2366 -ψ
748 2319 814 2390 Pag.
832 2317 895 2374 252.

288 2533 349 2587 Lin.
365 2532 391 2586 3.
408 2549 421 2585 n
436 2533 486 2587 Jus
502 2552 516 2587 r
533 2536 573 2587 cst
587 2533 675 2588 realis
689 2538 715 2588 et
729 2533 895 2603 personatis
916 2532 1046 2588 hominis
1067 2535 1107 2590 ad
1124 2537 1173 2590 ho·

217 2624 326 2679 minem
340 2621 505 2694 proportio:
517 2638 582 2693 puoe
593 2627 707 2676 servata
720 2621 872 2677 hominum
885 2628 980 2677 servat
994 2623 1172 2694 societatem,

216 2720 244 2768 ct
266 2717 406 2783 corrupta
425 2712 596 2781 corrumpit.
618 2712 651 2766 In
671 2716 769 2782 questa
791 2711 972 2782 definicione,
993 2729 1046 2784 per
1065 2721 1174 2770 accorto

216 2802 308 2857 avviso
327 2801 373 2855 del
395 2800 571 2870 Garmignani
592 2817 606 2853 «
623 2801 723 2872 cinque
742 2801 841 2872 grandi
859 2802 953 2857 Veriti
975 2803 998 2856 si
1017 2802 1171 2858 ravvisano.

217 2891 257 2945 La
271 2889 362 2961 prima
379 2889 403 2942 si
418 2890 449 2954 e,
467 2889 518 2944 che
536 2904 594 2944 non
615 2889 737 2959 potendo
756 2890 783 2943 la
799 2889 963 2944 definizione
978 2891 1129 2947 convenire
1146 2894 1174 2946 al

215 2979 352 3052 principio
367 2979 487 3047 morale,
503 2994 554 3050 per
568 2977 612 3031 cui
625 2978 674 3031 un'
686 2979 781 3033 azione
797 2980 812 3032 e
827 2977 920 3034 bu'ona
939 2997 954 3034 e
974 2980 1075 3036 cattina
1094 2981 1124 3037 in
1142 2983 1173 3036 se

216 3075 317 3138 stesso,
335 3084 417 3124 senza
430 3067 567 3122 relacione
577 3066 602 3120 ai
614 3065 699 3120 diritti
710 3066 736 3120 di
746 3067 859 3135 alcuno,
873 3067 989 3138 bisogna
1004 3071 1172 3126 concludere

217 3161 269 3215 che
282 3160 300 3213 l’
310 3158 454 3229 Altighieri
469 3155 583 3227 concepi
597 3156 624 3210 la
640 3155 788 3212 differenza
806 3156 944 3213 racionale
963 3163 1006 3212 tra
1021 3157 1049 3212 la
1067 3158 1172 3214 Morale

217 3248 262 3302 eil
272 3247 380 3302 Diritto.
394 3246 434 3300 La
446 3246 565 3300 secondo
577 3246 606 3314 ὲ,
621 3245 671 3299 che
684 3245 731 3299 nel
743 3261 793 3300 suo
806 3245 919 3301 sistema
932 3246 952 3300 il
964 3245 1075 3300 Diritto
1086 3263 1142 3302 non
1155 3249 1171 3302 ὁ

217 3351 274 3390 una
283 3334 398 3406 socotto'c,
412 3335 438 3388 la
450 3333 531 3405 quale
542 3333 581 3387 sia
591 3333 665 3388 forza
675 3333 800 3390 inocente
814 3336 868 3390 aila
880 3333 1013 3403 colontci,·
1026 3351 1072 3390 ma
1085 3337 1100 3390 e
1115 3353 1170 3392 nna

216 3425 346 3492 pocione,
363 3422 486 3494 loquele
502 3428 593 3494 spetto
608 3423 653 3477 all'
663 3423 755 3478 uificio
771 3424 836 3478 detl’
849 3425 994 3480 intelletto.
1010 3423 1049 3479 La
1065 3431 1170 3482 terrae

217 3510 386 3579 sepnalabile
401 3512 429 3577 e,
447 3509 498 3564 che
512 3509 532 3562 il
547 3509 670 3578 Diritto,
685 3527 763 3566 come
778 3511 910 3583 nozione,
925 3513 961 3568 ha
974 3514 1024 3568 un'
1034 3515 1169 3572 esistenzn
