2576 4052
221 187 275 246 434
587 199 624 240 ve
643 199 821 240 nonencors.

218 320 307 385 parte
323 311 491 379 esseneiale,
507 310 566 365 eiob
580 310 700 366 secondo
714 310 846 368 l'anima
860 328 875 367 e
891 312 912 368 il
926 330 1028 386 corpo,
1044 317 1189 371 ecorrat·

223 402 301 457 tibile
316 401 436 456 secondo
451 401 470 455 l’
480 416 550 480 ana,
568 400 626 455 cive
641 399 662 453 il
677 417 782 470 corpo,·
797 417 843 456 ma
858 389 979 456 secondo
994 403 1013 457 l’
1023 403 1110 472 altra,
1124 406 1189 459 eice

221 490 240 544 1·
250 491 366 558 anima,
383 492 398 544 e
418 489 707 545 incorrnttibile.A11a
721 488 803 560 quale
818 487 1017 560 speciaimente
1036 490 1188 561 risguarda

221 579 242 632 ii
260 579 335 633 detto
355 577 400 632 del
418 577 552 633 Filosoio:
577 595 590 632 ι
610 577 653 632 De
672 579 818 633 intellecta
837 584 935 632 antem
954 586 981 633 et
999 582 1190 650 perspectiva

219 669 352 740 potentia
367 667 442 722 nibil
458 669 553 722 adbuc
568 669 754 738 manifestam
769 673 822 734 cst,
839 668 887 722 sed
901 668 1016 723 videtur
1035 686 1126 740 genus
1145 670 1189 724 al·

221 765 315 813 terum
334 757 434 811 animae
453 773 528 825 esse;
546 765 574 811 et
592 758 645 811 hoc
663 757 755 811 solum
774 758 914 828 continpit
936 759 1089 828 separari,
1108 759 1188 814 sicat

120 857 124 867 ¹
222 852 366 901 aternam
383 864 401 900 a
416 845 608 918 corruptibili.
624 845 758 917 Reliqua
772 852 870 900 antem
880 853 981 916 portes
997 847 1108 902 animoe
1122 865 1191 902 ma·

222 937 359 1006 nifestnm
374 943 414 990 est
429 952 465 991 cn
480 935 539 1000 bis,
564 934 640 1006 qvod
658 951 715 989 non
734 936 911 1007 separabiles
930 941 1011 1006 sunt,
1026 936 1101 992 sicvt
1116 937 1188 1010 qni·

222 1027 290 1082 dam
308 1017 425 1081 dicant:
442 1045 455 1080 v
475 1025 518 1079 De
532 1025 647 1094 Αιιιιιι,
664 1038 701 1094 ιι,
717 1023 744 1078 2.

294 1115 339 1170 24.
359 1115 477 1170 Necesse
497 1120 538 1168 est
555 1113 711 1167 Hominem
731 1129 835 1183 sapere
854 1119 1011 1185 atramque
1029 1121 1185 1171 naturam.

223 1203 352 1260 L'Uomo
367 1206 435 1258 deve
450 1210 547 1258 tencre
562 1203 628 1256 dell'
638 1219 721 1257 unae
738 1201 802 1256 deil'
812 1204 882 1257 altra
895 1211 1020 1275 natura,
1035 1205 1064 1259 di
1078 1208 1184 1278 quella,

222 1294 265 1348 vo’
274 1293 349 1361 dire,
370 1292 421 1346 che
440 1292 463 1345 s'
473 1291 623 1361 appropria
642 1290 696 1343 alle
713 1306 776 1344 cose
791 1292 985 1358 corrnttibili‚
1001 1311 1017 1347 e
1037 1293 1103 1348 dell’
1114 1295 1188 1350 altra

223 1387 362 1453 spettante
381 1381 434 1435 alie
453 1397 516 1435 cose
536 1379 587 1434 che
607 1395 664 1432 ιιοιι
684 1379 877 1448 soggiacciono
897 1397 913 1435 a
937 1384 1118 1438 corrosione.
1143 1384 1187 1438 Ed

222 1486 287 1526 ecco
297 1470 413 1540 perche,
424 1487 439 1524 e
449 1487 528 1524 come
538 1469 601 1538 tali,
614 1469 651 1538 gli
660 1469 768 1523 uomini
782 1485 891 1538 vengon
901 1469 935 1524 ad
950 1487 1044 1524 essere
1059 1479 1185 1527 trasmu-

222 1559 309 1614 iabili
319 1576 375 1630 per
390 1564 461 1614 tutte
475 1559 554 1629 pnise
570 1575 585 1612 e
600 1557 698 1628 quindi
712 1558 848 1626 mortali,
859 1559 970 1629 quando
986 1559 1092 1616 d'altra
1107 1567 1187 1630 parte

223 1663 274 1703 son
294 1648 359 1702 nati
377 1664 429 1720 per
448 1647 561 1717 formar
578 1647 595 1700 l'
606 1645 736 1714 anpelica
754 1647 880 1717 forsalla
895 1648 946 1702 che
964 1647 1033 1702 deve
1050 1627 1135 1704 colar
1151 1667 1186 1705 ιιι

223 1737 310 1792 libera
326 1735 361 1790 ad
377 1739 512 1791 etei-narsi
529 1737 559 1790 in
574 1735 664 1790 Cieloz
685 1735 761 1803 Par„
782 1749 814 1804 v,
830 1735 880 1805 98;
898 1736 1043 1805 Purg.,‚
1011 1751 1030 1790 x
1058 1736 1123 1793 125.

295 1826 339 1882 25.
362 1823 457 1889 Quam
473 1823 566 1878 omnis
584 1828 709 1878 natura
715 1823 754 1876 ad
772 1823 913 1878 altimum
931 1827 1076 1896 quendam
1095 1827 1186 1898 finem
1275 1855 1276 1860 =

226 1895 387 1970 ordinatior.
402 1914 483 1968 Tutte
497 1919 618 1979 notare,
633 1928 688 1982 per
703 1911 814 1966 diverse
828 1913 916 1981 sorti,
931 1915 1052 1970 secondo
1068 1916 1119 1970 che
1133 1917 1184 1987 piri

228 2023 243 2060 ο
263 2021 346 2060 meno
366 2020 435 2059 sono
455 2002 587 2074 perietis,
609 2017 625 2054 e
644 1999 738 2071 percib
757 2000 805 2072 piri
830 2018 846 2055 o
866 2018 949 2057 meno
967 2003 1061 2058 vicine
1079 2005 1105 2060 al
1123 2005 1184 2060 loro

226 2093 393 2163 Principio,
415 2093 438 2146 si
456 2106 595 2146 muovono
614 2107 630 2144 a
644 2092 758 2161 portio
776 2091 830 2164 sini
848 2091 965 2161 diversi,
985 2109 1038 2148 con
1056 2092 1150 2148 istinio
1165 2110 1184 2147 a

228 2183 270 2238 cib
286 2181 414 2236 ordinato
430 2179 464 2232 da
479 2177 684 2233 Provvidenza:
702 2179 776 2248 Par„
793 2195 818 2249 1,
834 2180 899 2235 110.

298 2269 344 2324 27.
369 2268 403 2323 Ut
418 2268 490 2322 sicat
505 2269 581 2322 inter
597 2269 698 2323 omnia
712 2270 806 2340 entia,
819 2277 870 2326 eto.
887 2271 912 2324 11
927 2270 1013 2327 witto
1032 2271 1182 2326 discosian·

224 2359 287 2414 dosi
306 2357 380 2413 dalla
398 2358 514 2428 Vulgata
533 2374 548 2413 e
567 2358 612 2413 dal
632 2359 698 2415 Cod.
720 2359 877 2428 Feliniano,
898 2360 1024 2414 s’avvisb
1048 2360 1077 2414 di
1099 2361 1184 2416 dover

224 2448 360 2520 leggere
353 2463 382 2502 m
401 2448 439 2502 tal
458 2447 552 2516 guise,
573 2463 588 2500 e
607 2447 713 2501 riunire
732 2453 830 2518 questo
849 2447 965 2518 periodo
983 2465 999 2502 a
1017 2449 1113 2519 quello
1132 2449 1182 2503 che

224 2540 355 2613 piffecede
374 2539 419 2594 Ma
437 2555 493 2594 non
513 2537 603 2610 saprci
622 2539 779 2592 consentire
798 2539 824 2592 al
843 2538 910 2593 seito
930 2553 994 2606 suo,
1014 2539 1118 2594 dacche
1139 2539 1182 2593 col

225 2629 417 2684 ricominciare
432 2629 452 2682 il
467 2629 581 2700 periodo
598 2644 651 2682 con
669 2627 735 2682 «Et
749 2627 836 2693 sicat,
856 2635 917 2696 etc,
938 2644 1064 2697 vcngono
1083 2635 1182 2699 troppo
1273 2625 1274 2669 i

225 2719 328 2790 meglio
344 2735 360 2772 a
375 2717 540 2788 collegarsi
533 2734 542 2770 1
562 2717 617 2772 due
633 2716 752 2771 membri
771 2717 939 2785 correlativi‚
960 2718 1032 2773 onde
1051 2719 1100 2790 poi
1117 2719 1182 2773 l'in·

224 2814 287 2863 tera
302 2815 434 2862 sentenia
449 2808 536 2861 riesce
552 2807 600 2878 piri
616 2807 724 2878 precisa
739 2823 754 2860 e
769 2805 963 2862 determinata.

297 2896 343 2951 32.
364 2896 511 2950 Beatitudo
525 2896 611 2965 bajus
625 2895 738 2950 vitoe...
755 2893 787 2948 in
803 2895 969 2966 operatione
979 2896 1114 2967 propria
1125 2898 1183 2951 vir·

224 2987 295 3043 tatis
314 2985 442 3040 consistit
460 2991 486 3038 et
503 2999 556 3054 per
579 2989 744 3038 terrestrem
763 2982 927 3038 Paradisum
949 2985 1111 3056 fipnratur,
1130 2993 1179 3044 etc.
1272 2981 1273 2998 i

227 3079 261 3132 Al
278 3076 365 3131 che
344 3093 368 3129 si
384 3075 464 3130 vuole
479 3074 535 3128 ben
556 3074 614 3127 sare
634 3079 811 3141 avvertenza,
828 3073 932 3144 perche
944 3073 1003 3126 indi
1016 3091 1051 3130 ne
1065 3075 1143 3129 viene
1155 3075 1181 3130 la

226 3171 364 3232 certezza,
383 3165 434 3219 che
453 3169 613 3218 veramente
632 3163 652 3218 ii
670 3165 755 3217 Poeta
775 3162 847 3216 voile
866 3162 1077 3234 simboleggiare
1095 3180 1146 3234 per
1161 3163 1181 3218 il

226 3207 379 3310 Porodbb
400 3260 532 3308 terrestre
555 3253 648 3324 quella
664 3251 792 3320 Felicita,
816 3251 946 3323 possibile
971 3268 988 3306 a
1011 3253 1181 3322 conseguirsi

227 3343 349 3414 quaggiu
365 3341 430 3396 dail'
441 3358 525 3396 uomo
533 3341 699 3413 ,operando
712 3342 803 3410 giusta
817 3343 842 3395 le
858 3341 936 3395 virtd
950 3342 1059 3396 morali
1071 3360 1087 3396 e
1100 3343 1181 3396 intei-

228 3430 352 3482 iettaali.
368 3429 407 3481 Ed
422 3429 478 3481 ein
492 3445 553 3482 esso
567 3429 665 3498 luogo,
678 3430 729 3482 che
740 3429 777 3498 gli
791 3429 821 3483 iv
837 3428 900 3483 dato
910 3445 962 3502 per
972 3446 1045 3483 arra
1054 3429 1181 3486 d'etema

227 3515 303 3568 Pace
318 3532 335 3569 o
350 3532 427 3570 come
443 3517 586 3586 primitia
603 3517 668 3572 dett
678 3523 776 3573 eterno
795 3519 930 3589 Piocere,
946 3519 988 3573 ch’
999 3519 1025 3574 ei
1044 3518 1130 3574 dovre
1142 3519 1179 3573 ri·
