2590 4038
553 199 590 242 DE
609 200 789 244 uouendum.

582 410 680 472 Cnrur
700 409 750 470 XI.

270 570 386 616 Homines
401 570 443 624 qui
457 569 501 613 filii
516 572 574 614 sunt
587 567 660 618 eeu,
674 569 776 620 vestigia
790 567 849 611 coeli
863 568 954 611 imitari
968 567 1065 613 debere.

276 749 352 809 Item
366 749 444 809 bene
461 767 495 808 se
512 747 617 820 habet,
639 751 668 807 et
685 747 809 825 optime,
833 743 929 807 omnis
948 744 1039 820 iilius,
1058 765 1131 808 cum

195 852 320 931 vestigia
335 853 457 932 perfecti
472 853 579 931 patrie,
595 853 787 930 inquantum
805 851 925 930 propria
939 859 1048 914 natura
1062 873 1131 932 per·

195 958 1133 1036 mittit,imitatur.HumanumGenusfiliusestCoeli,qu0dest
1176 965 1179 972 “

194 1066 445 1144 perfectissimum
457 1065 489 1126 in
499 1065 580 1127 omni
591 1085 681 1142 opere
691 1085 760 1126 suo:
774 1065 929 1125 ‹Generat
940 1064 1021 1125 enIm
1034 1065 1127 1128 homo

161 1191 174 1234 u
195 1172 361 1244 hominem,
371 1179 400 1232 et
412 1172 475 1246 Sol;
489 1193 504 1226 ›
517 1173 603 1249 juxta
617 1154 825 1249 Philosophum
837 1171 867 1230 in
881 1173 1003 1231 necundo
1019 1172 1056 1232 de
1068 1173 1130 1232 Na·

192 1276 284 1334 turult
295 1276 410 1334 auditu.
424 1275 503 1350 Ergo
524 1273 635 1352 optime
658 1293 692 1334 se
712 1275 803 1334 habet
819 1271 986 1335 humanum
1007 1275 1126 1350 Genus,

193 1398 263 1440 cum
273 1379 395 1455 vestigia
406 1379 492 1452 Coeli,
500 1379 536 1440 in
552 1387 701 1460 quantum·
711 1379 832 1458 propria
845 1386 953 1442 natura
966 1381 1128 1460 permittit,

193 1485 335 1548 imitatur.
362 1487 399 1547 Et
423 1507 492 1548 cum
516 1486 631 1548 Goeiurn
653 1493 751 1548 totum
773 1486 861 1548 unico
886 1492 988 1561 motu,
1012 1488 1128 1550 ¹scilieet

191 1592 278 1670 primi
295 1595 428 1670 Mobilis,
446 1601 476 1656 et
492 1593 578 1655 unico
592 1594 706 1654 Motore
721 1593 771 1671 qui
787 1593 867 1653 Deus
890 1600 954 1666 est,
971 1595 1127 1670 reguletur

143 1719 172 1765 ru
191 1699 223 1760 in
236 1703 375 1762 omnibus
390 1703 451 1763 suis
467 1702 617 1780 partibus,
629 1701 760 1762 motibus
775 1705 804 1761 et
818 1701 999 1774 rumoribus,
1012 1708 1046 1762 ut
1061 1701 1125 1779 phi·

191 1806 379 1885 Iosophando
397 1806 618 1870 evidentissime
632 1807 765 1866 humana
781 1803 856 1865 ratio
871 1804 1083 1882 deprehendit:
1099 1805 1125 1866 si

190 1927 260 1968 vere
275 1909 480 1986 syllogizatum
497 1914 556 1982 est,
573 1909 740 1969 humanum
754 1909 855 1970 Genus
869 1913 942 1970 tunc
958 1911 1071 1988 optime
1088 1931 1125 1973 se

189 2013 294 2088 habet,
315 2018 435 2092 quando
456 2018 494 2076 ab
515 2016 602 2078 unico
622 2017 773 2094 Principe,
795 2022 953 2094 tamquam
974 2019 1012 2078 ab
1033 2018 1125 2080 unieo

191 2119 317 2192 Motene,
337 2126 366 2180 et
386 2119 475 2179 uuida
497 2120 769 2196 Lege,‚temquam
792 2120 831 2180 ab
856 2119 942 2180 unico
968 2125 1053 2181 motu
1060 2166 1068 2195 ‚
1088 2121 1121 2182 in
1161 2111 1164 2116 ¹

141 2235 169 2280 15
189 2223 251 2286 suis
268 2223 435 2282 motoribus
453 2227 482 2282 et
499 2221 630 2282 motibus
651 2223 810 2299 reguletur.
827 2225 954 2302 Propter
972 2225 1053 2302 quod
1070 2243 1123 2286 ue·

189 2327 354 2389 cessarium
378 2334 502 2406 apparet
529 2330 567 2390 ad
592 2331 671 2390 bene
691 2350 758 2392 esse
780 2330 896 2402 mundi,
917 2333 1126 2392 Monarchium

190 2456 270 2509 esse,
287 2436 349 2498 sive
369 2437 491 2496 unicum
508 2436 723 2514 Principatum‚
747 2435 797 2514 qui
813 2437 972 2514 Imperium
990 2437 1124 2516 appella-

168 2539 170 2546 '
189 2546 245 2603 tur.
264 2541 350 2602 Hanc
367 2540 515 2602 rationem
529 2541 739 2620 suspicabatur
754 2543 875 2604 Boetius
892 2543 1007 2608 dicens:

386 2710 399 2747 u
416 2693 439 2748 0
453 2691 519 2746 felix
532 2692 679 2748 hominum
695 2710 802 2765 genus,

143 2807 173 2852 20
423 2781 451 2836 Si
466 2787 572 2836 vestros
587 2782 695 2836 animos
710 2784 812 2852 Amor,

423 2869 483 2934 Quo
497 2869 598 2924 coelum
615 2871 734 2942 regitur,
751 2873 844 2942 regat!
864 2891 877 2928 n

561 3069 662 3132 Crem
682 3070 743 3131 XII.

278 3243 311 3287 Ut
323 3246 411 3288 ennete
424 3245 499 3298 utigie
512 3243 671 3308 dirimantur,
686 3256 782 3290 summo
796 3247 881 3294 Judice
894 3259 955 3304 opus
969 3261 1031 3295 esse.

271 3420 448 3498 Ubicunque
464 3429 561 3500 potest
579 3443 646 3485 esse
659 3423 795 3504 litigium,
809 3425 849 3486 ibi
863 3428 952 3489 debet
966 3446 1033 3488 esse
1043 3427 1125 3505 judi·

191 3519 286 3582 cium:
302 3523 387 3584 aliter
401 3531 482 3586 esset
492 3526 714 3604 imperfectum,
730 3529 795 3592 sine
808 3533 927 3611 proprio
943 3524 1124 3613 perfeutivo:
