2556 4032
409 219 414 232 ·
470 199 556 240 LtBER
575 200 731 244 SECUNDUS.

507 407 607 514 Garun
623 454 684 515 ΧΠ.

162 633 203 675 Ex
214 633 302 685 thus
311 632 470 677 carminibus
479 632 538 676 fiant
547 635 663 691 Stantia,
675 643 699 682 et
712 640 743 684 de
752 651 854 685 numero
863 642 1016 696 syllabarum

488 716 513 758 in
529 716 696 762 Camniaibus.

121 907 124 910 ·
209 885 259 946 Est
281 886 388 960 etiam,
410 893 444 948 ut
469 891 604 967 superius
622 892 733 953 dictum
754 901 810 967 est,
830 897 967 956 habitudo
983 915 1060 972 quae-

124 995 207 1067 dam,
218 1013 312 1070 quam
322 996 455 1053 carmina
466 999 652 1057 contexendo
663 997 851 1059 considerare
863 1001 1022 1073 debemus3
1031 1004 1059 1058 et

111 1098 193 1160 'ideo
205 1100 357 1161 rationem
374 1100 521 1160 faciamus
536 1102 573 1160 de
589 1101 651 1174 illa,
667 1107 836 1178 repetentes
851 1102 976 1180 proinde
993 1122 1058 1179 quae

121 1206 260 1284 superius
279 1207 318 1265 de
337 1207 513 1264 caminum
532 1205 668 1266 diximus,
687 1208 721 1266 ln
735 1227 792 1268 usu
808 1215 911 1269 nostro
928 1207 1058 1268 maxime

119 1312 179 1371 tria
195 1313 333 1372 carmina
355 1311 564 1389 frequentandi
586 1316 811 1391 praerogativam
831 1317 943 1376 habere
960 1315 1057 1375 viden·
1079 1332 1091 1374 a

119 1421 181 1490 tur,
201 1419 452 1496 endecasyllabum
472 1419 597 1494 scilicet,
620 1429 649 1482 et
673 1426 893 1502 aplaayllabum,
914 1430 943 1484 et
958 1433 1058 1502 paula·

119 1527 261 1602 eyllabum
268 1548 284 1602 ;
301 1544 370 1602 quae
388 1530 458 1585 ante
478 1526 536 1586 alia
558 1531 711 1605 sequenda
732 1530 924 1592 astruximus.
942 1533 1058 1592 Horum

122 1651 262 1707 proram,
280 1651 351 1692 cum
374 1632 618 1710 tragicepoetari
640 1652 795 1709 conamur,
818 1638 1058 1714 endecasyllabum

124 1741 247 1814 propter
261 1739 416 1814 quandam
436 1739 644 1800 excellentiam
658 1739 688 1799 in
705 1746 845 1802 contextu
854 1743 988 1804 vincendi
1003 1746 1057 1822 pri-

124 1845 264 1922 vilegium
281 1853 482 1926 promeretur.
504 1847 582 1908 Nam
610 1851 748 1926 quaedam
772 1851 886 1911 Slaulia
913 1860 971 1924 est,
993 1871 1058 1929 quae
1079 1868 1107 1911 ro

122 1955 193 2014 sotis
209 1956 437 2032 aadccacyllabis
453 1955 563 2030 gaudet
579 1973 647 2014 esse
664 1958 819 2034 contexta,
838 1961 871 2014 ut
886 1953 936 2014 illa
953 1954 1058 2015 Gnido-

121 2060 167 2121 nis
186 2062 224 2121 de
243 2060 411 2121 Florentia:

282 2191 409 2245 «Donna
425 2191 463 2244 mi
479 2208 578 2261 praga,
596 2192 691 2263 perch’
701 2191 728 2246 io
745 2192 833 2264 voglio
849 2193 940 2248 dire.»

121 2311 161 2369 m
178 2296 270 2368 etiam
286 2328 343 2368 nos
362 2307 509 2368 diximus:

286 2451 299 2485 a
311 2433 430 2499 Daune,
443 2433 494 2486 che
511 2437 589 2486 avete
604 2432 739 2488 intelletto
752 2434 779 2487 d'
789 2451 917 2489 amore.»
1076 2454 1102 2497 115

123 2553 190 2612 Hoc
210 2553 301 2612 etiam
319 2550 445 2637 Hispani
461 2549 508 2610 usi
526 2553 609 2622 sunt3
628 2556 657 2607 el
674 2549 738 2608 dieo
755 2549 905 2624 Hispanos
923 2547 972 2622 qui
989 2566 1055 2622 poe-

123 2659 176 2719 tali
193 2666 266 2720 sunt
285 2659 316 2718 in
334 2657 453 2733 Vulgari
471 2657 518 2716 Oc.
537 2652 713 2714 Hameriaus
732 2655 769 2712 de
785 2653 914 2713 Belinoi:

287 2783 382 2836 «Nuts
398 2783 463 2836 hom
480 2797 536 2834 non
549 2788 597 2850 pot
611 2777 727 2848 comptir
740 2777 920 2830 adreitamen.
935 2795 947 2828 u

46 2917 51 2927 '
125 2891 271 2973 Quaedam
300 2903 360 2972 est,
392 2898 423 2957 in
453 2915 512 2973 qua
541 2899 658 2954 tantum
680 2889 891 2969 'eplasyliabum
916 2889 1055 2952 intexitur

123 3025 229 3078 unum,
249 3006 355 3065 ethna
374 3023 441 3062 esse
462 3021 523 3062 non
540 3006 651 3078 potest,
670 2998 726 3058 nisi
746 2997 797 3058 ubi
818 2998 914 3057 From
932 3004 991 3069 est,
1008 3000 1055 3058 vet
1075 3029 1102 3074 20

127 3109 229 3171 Gauda
232 3157 243 3189 ‚
262 3111 408 3187 quoniam
426 3109 470 3181 (ut
489 3108 599 3190 dictum
617 3104 674 3178 est)
689 3103 720 3162 in
737 3105 860 3164 Pedibus
877 3109 966 3181 alque
989 3105 1054 3164 Ver-

122 3219 200 3278 sibus
217 3215 381 3276 attenditur
398 3214 549 3291 aequalitas
570 3214 729 3272 carmiuum
744 3217 773 3270 et
786 3213 970 3290 syllabarum.
985 3213 1055 3274 Pro·

122 3329 189 3400 pter
210 3323 291 3398 quod
313 3321 404 3381 etiam
425 3319 630 3380 nec'numeris
652 3317 749 3395 impar
769 3319 936 3379 carminum
956 3324 1054 3396 potest

126 3447 192 3488 esse
213 3427 265 3487 ubi
286 3429 397 3498 Fraus,
415 3428 461 3486 vel
483 3428 583 3487 Gauda
603 3445 664 3485 non
686 3432 746 3486 est:
765 3429 818 3487 sed
838 3428 889 3487 ubi
908 3429 972 3486 haec
994 3434 1053 3497 est,

126 3538 174 3596 vel
201 3527 296 3598 attera
325 3538 402 3609 sola,
421 3537 485 3615 pari
512 3542 541 3596 el
562 3536 668 3613 impari
688 3554 813 3596 numero
834 3537 863 3595 in
880 3535 1054 3594 carminibus
1075 3555 1101 3600 25
