2578 4038
266 165 319 221 302
617 179 654 220 us
672 179 848 222 nonancun.

265 314 329 391 jam
345 318 416 373 tunc
435 313 585 389 judicandi
606 314 781 392 temporalia
801 333 862 373 non
883 313 1038 374 habuisset
1060 311 1200 373 Auctori-

266 425 371 493 tatem,
390 438 446 480 nec
459 419 595 481 Christus
612 421 670 482 hoc
686 421 896 498 persuasisset,
915 439 971 480 nec
988 420 1124 496 Angelus
1146 419 1199 480 illa

214 535 247 581 lo
266 527 357 587 rerba
381 525 566 599 nunciasset,
584 546 640 587 nec
667 525 714 586 ille
732 526 782 603 qui
804 525 935 587 dicebat:
957 527 1198 602 Gepio'dissoloi

266 639 363 692 elcese
388 651 452 691 cum
478 631 607 710 Christo,
631 632 882 710 incompetentem
901 631 1032 709 judicem
1049 631 1196 708 appellas·

267 744 321 800 set.
339 738 370 798 Si
388 739 477 799 etiam
491 737 704 799 Constantinus
718 738 933 799 Auctoritatem
943 758 1004 798 non
1020 738 1194 810 habuisset,

265 844 296 904 in
315 843 513 921 patrocinium
528 845 660 904 Ecclesiae
665 889 676 921 ,
693 845 742 905 illa
759 864 825 921 quae
843 846 880 905 de
897 845 1022 922 Imperio
1038 845 1194 922 deputavit

263 953 301 1028 ei,
313 953 350 1012 de
359 953 430 1012 Jure
444 952 589 1030 deputare
601 971 661 1011 non
671 949 828 1029 poluisset;
840 953 869 1009 et
883 948 925 1008 sic
933 951 1062 1008 Ecclesia
1072 949 1124 1010 illa
1135 951 1192 1011 col·

217 1073 245 1117 co
264 1058 374 1119 latione
390 1065 526 1118 uteretur
539 1057 661 1135 injuste:
681 1075 750 1116 cum
763 1056 843 1115 Deus
858 1055 926 1116 velit
941 1055 1108 1116 oblationes
1125 1075 1192 1117 esse

218 1185 221 1194 ·
263 1163 484 1235 immaculatas,
512 1164 598 1240 juxta
617 1163 689 1222 illud
713 1160 846 1221 Levitici:
870 1162 970 1221 Omnis
990 1162 1111 1239 oblatio,
1130 1179 1191 1240 quc

264 1269 383 1344 offertur
396 1273 534 1348 Domino,
550 1272 654 1347 absque
664 1271 802 1344 fermento
809 1269 864 1342 fiet.
880 1268 966 1340 Quod
981 1268 1106 1343 quidem
1120 1289 1191 1347 prae·

264 1382 395 1454 ceptum,
406 1375 474 1437 licet
488 1377 699 1437 adulterantes
714 1375 821 1436 faciem
836 1374 947 1434 habere
958 1373 1108 1448 videatur,
1121 1374 1192 1434 nihi-

263 1482 392 1543 lominus
421 1489 467 1544 est
491 1503 544 1562 per
565 1501 754 1559 consequens
781 1483 819 1541 ad
843 1481 1028 1559 recipientes.
1057 1482 1190 1543 Stultum

213 1599 243 1646 oo
262 1583 342 1646 enim
357 1591 403 1646 est
416 1587 538 1646 credere
551 1586 647 1646 Deum
661 1586 735 1646 velle
751 1585 852 1664 recipi,
863 1589 942 1663 quod
958 1589 1098 1665 prohibet
1112 1593 1191 1652 exhi·

263 1693 340 1766 beri3
362 1713 430 1753 cum
451 1692 569 1753 etiam
561 1712 593 1752 rn
614 1691 720 1751 eodem
741 1689 928 1768 praecipiatur
944 1690 1074 1754 Levitis:
1097 1697 1192 1798 Nolite

261 1803 455 1860 contaminare
479 1803 593 1860 animas
611 1807 733 1876 uestras,
757 1818 807 1858 mec
826 1801 951 1878 tempatis
968 1787 1129 1879 quidquem
1148 1823 1188 1864 eo

260 1922 343 1980 mm,
358 1923 394 1963 uc
409 1905 639 1964 immundiciis.
657 1904 717 1964 Sed
734 1904 830 1964 dicere
845 1906 925 1982 quod
942 1908 1072 1968 Ecclesia
1089 1911 1190 1972 abuta-

262 2013 309 2068 tur
330 2009 511 2086 patrimonio
532 2008 586 2069 sibi
608 2011 761 2087 deputato,
784 2015 829 2072 est
850 2011 935 2072 valde
954 2012 1186 2092 inconveniens;

211 2127 239 2170 ce
261 2134 331 2190 ergo
348 2115 457 2198 falsum
474 2119 538 2176 erat
555 2113 639 2187 illud,
658 2133 695 2174 ex
712 2134 771 2191 quo
789 2116 980 2193 sequebatur.

626 2361 723 2422 Carus
743 2362 816 2422 Xlll.

270 2540 388 2584 Virtutem
402 2542 566 2585 auctorizaudi
582 2537 719 2586 Rom'anum
733 2543 869 2596 Principem
883 2543 999 2587 Ecclesiae
1013 2556 1064 2588 non
1080 2547 1171 2590 inesse.

338 2749 488 2829 Amplius,
505 2751 530 2812 si
545 2753 671 2813 Ecclesia
687 2752 826 2813 virtutem
839 2753 963 2814 haberet
980 2753 1184 2815 auctorizandi

257 2853 420 2912 Romanum
435 2855 616 2934 Principem,
633 2862 684 2918 aut
699 2858 824 2918 haberet
837 2879 855 2919 a
873 2860 949 2933 Dec,
968 2866 1020 2920 aut
1034 2882 1052 2921 a
1067 2881 1115 2936 se,
1133 2871 1183 2924 aut

257 2957 295 3026 ab
312 2957 494 3035 Imperatore
511 2959 626 3036 aliqu0,
647 2967 698 3022 aut
719 2964 757 3022 ab
773 2963 916 3026 Universo
938 2966 1114 3028 mortalium
1135 2969 1184 3030 ad·

256 3083 361 3139 sensu,
386 3068 433 3127 rel
450 3068 557 3129 saltem
574 3089 612 3130 ex
627 3069 683 3130 illis
701 3073 937 3149 praevalentium.
956 3075 1045 3135 Nulla
1062 3084 1110 3137 est
1127 3075 1183 3137 alia

225 3183 238 3227 5
255 3166 375 3241 rimula,
393 3189 553 3247 perquam
569 3174 661 3234 virtus
678 3175 742 3235 haec
757 3176 795 3236 ad
812 3175 978 3240 Ecclesiam
992 3200 1119 3242 manare
1133 3201 1181 3260 po·

254 3271 369 3333 luisset.
390 3275 450 3335 Sed
467 3297 485 3336 a
502 3279 583 3339 nullo
599 3279 725 3342 istorum
739 3281 841 3345 habet:
861 3303 931 3362 ergo
952 3285 1095 3348 virtutem
1109 3306 1181 3366 prae·

255 3379 364 3443 dictam
380 3401 441 3441 non
458 3383 557 3444 habet.

335 3487 420 3558 Quod
437 3491 572 3563 autema
589 3490 670 3550 nullo
690 3489 816 3551 istorum
833 3493 956 3564 habeat,
979 3492 1021 3552 sic
1042 3499 1176 3572 apparet.
