<?xml version="1.0" encoding="UTF-8"?>
<!DOCTYPE html PUBLIC "-//W3C//DTD XHTML 1.0 Transitional//EN"
    "http://www.w3.org/TR/xhtml1/DTD/xhtml1-transitional.dtd">
<html xmlns="http://www.w3.org/1999/xhtml" xml:lang="en" lang="en">
 <head>
  <title>
</title>
<meta http-equiv="Content-Type" content="text/html;charset=utf-8" />
  <meta name='ocr-system' content='tesseract 3.04.00' />
  <meta name='ocr-capabilities' content='ocr_page ocr_carea ocr_par ocr_line ocrx_word'/>
</head>
<body>
  <div class='ocr_page' id='page_1' title='image "./operelatine00giulgoog_0076.png"; bbox 0 0 2560 4022; ppageno 0'>
   <div class='ocr_carea' id='block_1_1' title="bbox 443 160 1037 216">
    <p class='ocr_par' dir='ltr' id='par_1_1' title="bbox 443 160 1037 216">
     <span class='ocr_line' id='line_1_1' title="bbox 443 160 1037 216; baseline 0.022 -13"><span class='ocrx_word' id='word_1_1' title='bbox 443 160 530 206; x_wconf 80' lang='lat' dir='ltr'>muru</span> <span class='ocrx_word' id='word_1_2' title='bbox 548 165 705 212; x_wconf 85' lang='lat' dir='ltr'>sueuuuus.</span> <span class='ocrx_word' id='word_1_3' title='bbox 1002 161 1037 216; x_wconf 84' lang='lat'>57</span> 
     </span>
    </p>
   </div>
   <div class='ocr_carea' id='block_1_2' title="bbox 101 296 1085 388">
    <p class='ocr_par' dir='ltr' id='par_1_2' title="bbox 101 296 1085 388">
     <span class='ocr_line' id='line_1_2' title="bbox 101 296 1085 388; baseline 0.017 -34"><span class='ocrx_word' id='word_1_4' title='bbox 101 296 137 354; x_wconf 91' lang='lat' dir='ltr'>ad</span> <span class='ocrx_word' id='word_1_5' title='bbox 154 296 250 370; x_wconf 89' lang='lat' dir='ltr'>labia,</span> <span class='ocrx_word' id='word_1_6' title='bbox 267 297 300 357; x_wconf 95' lang='lat' dir='ltr'>in</span> <span class='ocrx_word' id='word_1_7' title='bbox 318 298 390 358; x_wconf 91' lang='lat' dir='ltr'>solis</span> <span class='ocrx_word' id='word_1_8' title='bbox 408 298 595 360; x_wconf 65' lang='lat' dir='ltr'>Contionatus</span> <span class='ocrx_word' id='word_1_9' title='bbox 615 300 772 364; x_wconf 85' lang='lat' dir='ltr'>invenitur.</span> <span class='ocrx_word' id='word_1_10' title='bbox 792 305 891 379; x_wconf 82' lang='lat' dir='ltr'>Quare</span> <span class='ocrx_word' id='word_1_11' title='bbox 912 309 951 368; x_wconf 91' lang='lat' dir='ltr'>ad</span> <span class='ocrx_word' id='word_1_12' title='bbox 971 327 1037 388; x_wconf 92' lang='lat' dir='ltr'>pro·</span> <span class='ocrx_word' id='word_1_13' title='bbox 1059 323 1085 370; x_wconf 72' lang='lat'>⁴5</span> 
     </span>
    </p>
   </div>
   <div class='ocr_carea' id='block_1_3' title="bbox 100 402 1037 581">
    <p class='ocr_par' dir='ltr' id='par_1_3' title="bbox 100 402 1037 581">
     <span class='ocr_line' id='line_1_3' title="bbox 100 402 1037 492; baseline 0.016 -30"><span class='ocrx_word' id='word_1_14' title='bbox 100 402 233 480; x_wconf 87' lang='lat' dir='ltr'>positum</span> <span class='ocrx_word' id='word_1_15' title='bbox 250 408 334 482; x_wconf 88' lang='lat' dir='ltr'>patet</span> <span class='ocrx_word' id='word_1_16' title='bbox 352 406 435 481; x_wconf 91' lang='lat' dir='ltr'>quod</span> <span class='ocrx_word' id='word_1_17' title='bbox 452 425 502 479; x_wconf 89' lang='lat' dir='ltr'>ea,</span> <span class='ocrx_word' id='word_1_18' title='bbox 521 426 588 483; x_wconf 88' lang='lat' dir='ltr'>quae</span> <span class='ocrx_word' id='word_1_19' title='bbox 608 409 697 486; x_wconf 90' lang='lat' dir='ltr'>digna</span> <span class='ocrx_word' id='word_1_20' title='bbox 714 419 783 472; x_wconf 90' lang='lat' dir='ltr'>sunt</span> <span class='ocrx_word' id='word_1_21' title='bbox 800 411 920 492; x_wconf 78' lang='lat' dir='ltr'><strong>Vulgari</strong></span> <span class='ocrx_word' id='word_1_22' title='bbox 933 415 1037 478; x_wconf 89' lang='lat' dir='ltr'>altissi-</span> 
     </span>
     <span class='ocr_line' id='line_1_4' title="bbox 100 509 689 581; baseline 0.015 -14"><span class='ocrx_word' id='word_1_23' title='bbox 100 527 162 581; x_wconf 91' lang='lat' dir='ltr'>mo,</span> <span class='ocrx_word' id='word_1_24' title='bbox 182 509 215 570; x_wconf 93' lang='lat' dir='ltr'>in</span> <span class='ocrx_word' id='word_1_25' title='bbox 231 511 421 572; x_wconf 76' lang='lat' dir='ltr'>Cantionibus</span> <span class='ocrx_word' id='word_1_26' title='bbox 438 514 595 574; x_wconf 88' lang='lat' dir='ltr'>tractanda</span> <span class='ocrx_word' id='word_1_27' title='bbox 610 521 689 576; x_wconf 87' lang='lat' dir='ltr'>sunt.</span> 
     </span>
    </p>
   </div>
   <div class='ocr_carea' id='block_1_4' title="bbox 493 746 657 808">
    <p class='ocr_par' dir='ltr' id='par_1_4' title="bbox 493 746 657 808">
     <span class='ocr_line' id='line_1_5' title="bbox 493 746 657 808; baseline 0 0"><span class='ocrx_word' id='word_1_28' title='bbox 493 746 589 808; x_wconf 78' lang='lat' dir='ltr'>Cacus</span> <span class='ocrx_word' id='word_1_29' title='bbox 611 749 657 808; x_wconf 85' lang='lat' dir='ltr'>lv.</span> 
     </span>
    </p>
   </div>
   <div class='ocr_carea' id='block_1_5' title="bbox 263 956 886 1014">
    <p class='ocr_par' dir='ltr' id='par_1_5' title="bbox 263 956 886 1014">
     <span class='ocr_line' id='line_1_6' title="bbox 263 956 886 1014; baseline 0.013 -14"><span class='ocrx_word' id='word_1_30' title='bbox 263 957 300 1001; x_wconf 84' lang='lat' dir='ltr'>De</span> <span class='ocrx_word' id='word_1_31' title='bbox 310 956 431 1000; x_wconf 69' lang='lat' dir='ltr'>varietate</span> <span class='ocrx_word' id='word_1_32' title='bbox 441 956 495 1000; x_wconf 87' lang='lat' dir='ltr'>Stili</span> <span class='ocrx_word' id='word_1_33' title='bbox 505 969 601 1013; x_wconf 85' lang='lat' dir='ltr'>eorum,</span> <span class='ocrx_word' id='word_1_34' title='bbox 613 961 655 1012; x_wconf 87' lang='lat' dir='ltr'>qut</span> <span class='ocrx_word' id='word_1_35' title='bbox 664 961 758 1014; x_wconf 82' lang='lat' dir='ltr'>poetice</span> <span class='ocrx_word' id='word_1_36' title='bbox 767 962 886 1008; x_wconf 84' lang='lat' dir='ltr'>scribunt.</span> 
     </span>
    </p>
   </div>
   <div class='ocr_carea' id='block_1_6' title="bbox 106 1146 1120 3573">
    <p class='ocr_par' dir='ltr' id='par_1_6' title="bbox 106 1146 1120 3573">
     <span class='ocr_line' id='line_1_7' title="bbox 182 1146 1041 1228; baseline 0.009 -20"><span class='ocrx_word' id='word_1_37' title='bbox 182 1146 312 1221; x_wconf 83' lang='lat' dir='ltr'>Quando</span> <span class='ocrx_word' id='word_1_38' title='bbox 341 1146 466 1224; x_wconf 88' lang='lat' dir='ltr'>quidem</span> <span class='ocrx_word' id='word_1_39' title='bbox 494 1150 725 1228; x_wconf 83' lang='lat' dir='ltr'><strong>adprobavimus</strong></span> <span class='ocrx_word' id='word_1_40' title='bbox 753 1152 948 1228; x_wconf 89' lang='lat' dir='ltr'>extricantes,</span> <span class='ocrx_word' id='word_1_41' title='bbox 974 1152 1041 1216; x_wconf 88' lang='lat' dir='ltr'>illos</span> 
     </span>
     <span class='ocr_line' id='line_1_8' title="bbox 106 1251 1040 1336; baseline 0.009 -24"><span class='ocrx_word' id='word_1_42' title='bbox 106 1251 154 1329; x_wconf 86' lang='lat' dir='ltr'>qui</span> <span class='ocrx_word' id='word_1_43' title='bbox 172 1253 232 1314; x_wconf 87' lang='lat' dir='ltr'>sint</span> <span class='ocrx_word' id='word_1_44' title='bbox 249 1252 360 1314; x_wconf 89' lang='lat' dir='ltr'>Aulico</span> <span class='ocrx_word' id='word_1_45' title='bbox 379 1252 460 1331; x_wconf 84' lang='lat' dir='ltr'>digni</span> <span class='ocrx_word' id='word_1_46' title='bbox 476 1252 608 1332; x_wconf 76' lang='lat' dir='ltr'>Vulgari,</span> <span class='ocrx_word' id='word_1_47' title='bbox 625 1261 655 1317; x_wconf 90' lang='lat' dir='ltr'>et</span> <span class='ocrx_word' id='word_1_48' title='bbox 672 1276 751 1334; x_wconf 87' lang='lat' dir='ltr'>quae,</span> <span class='ocrx_word' id='word_1_49' title='bbox 768 1275 825 1317; x_wconf 91' lang='lat' dir='ltr'>nec</span> <span class='ocrx_word' id='word_1_50' title='bbox 842 1278 903 1319; x_wconf 92' lang='lat' dir='ltr'>non</span> <span class='ocrx_word' id='word_1_51' title='bbox 920 1261 1040 1336; x_wconf 91' lang='lat' dir='ltr'>modus,</span> 
     </span>
     <span class='ocr_line' id='line_1_9' title="bbox 106 1359 1044 1435; baseline 0.009 -17"><span class='ocrx_word' id='word_1_52' title='bbox 106 1375 194 1435; x_wconf 82' lang='lat' dir='ltr'>quem</span> <span class='ocrx_word' id='word_1_53' title='bbox 209 1364 297 1419; x_wconf 89' lang='lat' dir='ltr'>tanto</span> <span class='ocrx_word' id='word_1_54' title='bbox 321 1359 483 1435; x_wconf 81' lang='lat' dir='ltr'>dignamur</span> <span class='ocrx_word' id='word_1_55' title='bbox 506 1359 631 1435; x_wconf 90' lang='lat' dir='ltr'>honore,</span> <span class='ocrx_word' id='word_1_56' title='bbox 655 1367 689 1422; x_wconf 91' lang='lat' dir='ltr'>ut</span> <span class='ocrx_word' id='word_1_57' title='bbox 711 1363 793 1423; x_wconf 87' lang='lat' dir='ltr'>solus</span> <span class='ocrx_word' id='word_1_58' title='bbox 815 1365 960 1426; x_wconf 87' lang='lat' dir='ltr'>altissimo</span> <span class='ocrx_word' id='word_1_59' title='bbox 976 1365 1044 1426; x_wconf 87' lang='lat' dir='ltr'>Vul-</span> 
     </span>
     <span class='ocr_line' id='line_1_10' title="bbox 106 1463 1045 1546; baseline 0.012 -22"><span class='ocrx_word' id='word_1_60' title='bbox 106 1464 168 1538; x_wconf 87' lang='lat' dir='ltr'>gari</span> <span class='ocrx_word' id='word_1_61' title='bbox 189 1463 373 1538; x_wconf 84' lang='lat' dir='ltr'>conveniat3</span> <span class='ocrx_word' id='word_1_62' title='bbox 396 1471 560 1541; x_wconf 86' lang='lat' dir='ltr'>antequam</span> <span class='ocrx_word' id='word_1_63' title='bbox 580 1466 742 1545; x_wconf 85' lang='lat' dir='ltr'>migremus</span> <span class='ocrx_word' id='word_1_64' title='bbox 766 1471 805 1530; x_wconf 92' lang='lat' dir='ltr'>ad</span> <span class='ocrx_word' id='word_1_65' title='bbox 825 1470 900 1546; x_wconf 90' lang='lat' dir='ltr'>alia,</span> <span class='ocrx_word' id='word_1_66' title='bbox 919 1474 1045 1534; x_wconf 92' lang='lat' dir='ltr'>modum</span> 
     </span>
     <span class='ocr_line' id='line_1_11' title="bbox 111 1568 1076 1652; baseline 0.009 -24"><span class='ocrx_word' id='word_1_67' title='bbox 111 1568 301 1650; x_wconf 67' lang='lat' dir='ltr'>Garamum,</span> <span class='ocrx_word' id='word_1_68' title='bbox 318 1591 411 1648; x_wconf 88' lang='lat' dir='ltr'>quem</span> <span class='ocrx_word' id='word_1_69' title='bbox 428 1589 502 1632; x_wconf 89' lang='lat' dir='ltr'>casu</span> <span class='ocrx_word' id='word_1_70' title='bbox 517 1573 627 1651; x_wconf 90' lang='lat' dir='ltr'>magis,</span> <span class='ocrx_word' id='word_1_71' title='bbox 651 1595 743 1652; x_wconf 86' lang='lat' dir='ltr'>quam</span> <span class='ocrx_word' id='word_1_72' title='bbox 763 1582 828 1638; x_wconf 90' lang='lat' dir='ltr'>arte</span> <span class='ocrx_word' id='word_1_73' title='bbox 855 1577 942 1638; x_wconf 91' lang='lat' dir='ltr'>multi</span> <span class='ocrx_word' id='word_1_74' title='bbox 961 1593 1076 1640; x_wconf 85' lang='lat' dir='ltr'>usur-o</span> 
     </span>
     <span class='ocr_line' id='line_1_12' title="bbox 107 1679 1044 1760; baseline 0.011 -24"><span class='ocrx_word' id='word_1_75' title='bbox 107 1697 182 1754; x_wconf 87' lang='lat' dir='ltr'>pare</span> <span class='ocrx_word' id='word_1_76' title='bbox 202 1679 355 1752; x_wconf 85' lang='lat' dir='ltr'>videntur,</span> <span class='ocrx_word' id='word_1_77' title='bbox 375 1679 576 1740; x_wconf 88' lang='lat' dir='ltr'>enucleemus.</span> <span class='ocrx_word' id='word_1_78' title='bbox 598 1679 637 1740; x_wconf 85' lang='lat' dir='ltr'>Et</span> <span class='ocrx_word' id='word_1_79' title='bbox 657 1683 738 1758; x_wconf 87' lang='lat' dir='ltr'>quod</span> <span class='ocrx_word' id='word_1_80' title='bbox 754 1683 812 1742; x_wconf 91' lang='lat' dir='ltr'>huc</span> <span class='ocrx_word' id='word_1_81' title='bbox 829 1703 926 1760; x_wconf 90' lang='lat' dir='ltr'>usque</span> <span class='ocrx_word' id='word_1_82' title='bbox 942 1704 1044 1746; x_wconf 89' lang='lat' dir='ltr'>casua-</span> 
     </span>
     <span class='ocr_line' id='line_1_13' title="bbox 109 1783 1120 1873; baseline 0.012 -31"><span class='ocrx_word' id='word_1_83' title='bbox 109 1783 178 1843; x_wconf 80' lang='lat' dir='ltr'>liter</span> <span class='ocrx_word' id='word_1_84' title='bbox 192 1789 237 1844; x_wconf 91' lang='lat' dir='ltr'>est</span> <span class='ocrx_word' id='word_1_85' title='bbox 252 1788 457 1862; x_wconf 88' lang='lat' dir='ltr'>assumptum,</span> <span class='ocrx_word' id='word_1_86' title='bbox 472 1785 550 1846; x_wconf 92' lang='lat' dir='ltr'>illius</span> <span class='ocrx_word' id='word_1_87' title='bbox 565 1787 638 1846; x_wconf 90' lang='lat' dir='ltr'>artis</span> <span class='ocrx_word' id='word_1_88' title='bbox 651 1790 846 1873; x_wconf 66' lang='lat' dir='ltr'>magisterium</span> <span class='ocrx_word' id='word_1_89' title='bbox 857 1808 1044 1866; x_wconf 82' lang='lat' dir='ltr'>reseremus,</span> <span class='ocrx_word' id='word_1_90' title='bbox 1115 1845 1120 1854; x_wconf 92' lang='lat'><strong><em>.</em></strong></span> 
     </span>
     <span class='ocr_line' id='line_1_14' title="bbox 110 1891 1046 1971; baseline 0.007 -22"><span class='ocrx_word' id='word_1_91' title='bbox 110 1891 233 1951; x_wconf 89' lang='lat' dir='ltr'>modum</span> <span class='ocrx_word' id='word_1_92' title='bbox 248 1893 436 1952; x_wconf 79' lang='lat' dir='ltr'>Baltctarum</span> <span class='ocrx_word' id='word_1_93' title='bbox 453 1896 483 1951; x_wconf 89' lang='lat' dir='ltr'>et</span> <span class='ocrx_word' id='word_1_94' title='bbox 503 1892 656 1952; x_wconf 78' lang='lat' dir='ltr'>Sonituum</span> <span class='ocrx_word' id='word_1_95' title='bbox 672 1891 859 1967; x_wconf 89' lang='lat' dir='ltr'>omittentes,</span> <span class='ocrx_word' id='word_1_96' title='bbox 877 1893 947 1971; x_wconf 90' lang='lat' dir='ltr'>quia</span> <span class='ocrx_word' id='word_1_97' title='bbox 962 1893 1046 1956; x_wconf 89' lang='lat' dir='ltr'>illurn</span> 
     </span>
     <span class='ocr_line' id='line_1_15' title="bbox 115 1997 1047 2076; baseline 0.003 -18"><span class='ocrx_word' id='word_1_98' title='bbox 115 1997 261 2059; x_wconf 85' lang='lat' dir='ltr'>elucidare</span> <span class='ocrx_word' id='word_1_99' title='bbox 272 1998 459 2059; x_wconf 74' lang='lat' dir='ltr'>intendimus</span> <span class='ocrx_word' id='word_1_100' title='bbox 470 1997 501 2057; x_wconf 90' lang='lat' dir='ltr'>in</span> <span class='ocrx_word' id='word_1_101' title='bbox 512 1998 550 2058; x_wconf 93' lang='lat' dir='ltr'>IV</span> <span class='ocrx_word' id='word_1_102' title='bbox 559 1999 649 2076; x_wconf 86' lang='lat' dir='ltr'>hujus</span> <span class='ocrx_word' id='word_1_103' title='bbox 659 1997 855 2076; x_wconf 88' lang='lat' dir='ltr'>Operis,cum</span> <span class='ocrx_word' id='word_1_104' title='bbox 866 2001 904 2060; x_wconf 90' lang='lat' dir='ltr'>de</span> <span class='ocrx_word' id='word_1_105' title='bbox 913 2003 1047 2062; x_wconf 68' lang='lat' dir='ltr'>nudum</span> 
     </span>
     <span class='ocr_line' id='line_1_16' title="bbox 116 2102 1094 2185; baseline 0 -21"><span class='ocrx_word' id='word_1_106' title='bbox 116 2106 236 2185; x_wconf 78' lang='lat' dir='ltr'>Vutpari</span> <span class='ocrx_word' id='word_1_107' title='bbox 249 2105 458 2166; x_wconf 77' lang='lat' dir='ltr'>tractabimus.</span> <span class='ocrx_word' id='word_1_108' title='bbox 469 2102 644 2164; x_wconf 86' lang='lat' dir='ltr'>Revisentes</span> <span class='ocrx_word' id='word_1_109' title='bbox 656 2122 726 2180; x_wconf 89' lang='lat' dir='ltr'>ergo</span> <span class='ocrx_word' id='word_1_110' title='bbox 738 2123 786 2178; x_wconf 91' lang='lat' dir='ltr'>ea,</span> <span class='ocrx_word' id='word_1_111' title='bbox 799 2123 865 2181; x_wconf 78' lang='lat' dir='ltr'>quae</span> <span class='ocrx_word' id='word_1_112' title='bbox 876 2105 1043 2180; x_wconf 88' lang='lat' dir='ltr'>dictasunt,</span> <span class='ocrx_word' id='word_1_113' title='bbox 1064 2111 1094 2158; x_wconf 77' lang='lat' dir='ltr'>to</span> 
     </span>
     <span class='ocr_line' id='line_1_17' title="bbox 112 2209 1046 2293; baseline 0.009 -24"><span class='ocrx_word' id='word_1_114' title='bbox 112 2213 267 2272; x_wconf 82' lang='lat' dir='ltr'>recolimus</span> <span class='ocrx_word' id='word_1_115' title='bbox 283 2231 340 2272; x_wconf 92' lang='lat' dir='ltr'>nos</span> <span class='ocrx_word' id='word_1_116' title='bbox 358 2225 421 2284; x_wconf 87' lang='lat' dir='ltr'>eos,</span> <span class='ocrx_word' id='word_1_117' title='bbox 437 2210 488 2287; x_wconf 93' lang='lat' dir='ltr'>qui</span> <span class='ocrx_word' id='word_1_118' title='bbox 502 2209 670 2289; x_wconf 88' lang='lat' dir='ltr'>Vulgariter</span> <span class='ocrx_word' id='word_1_119' title='bbox 683 2213 902 2288; x_wconf 78' lang='lat' dir='ltr'>versificamur,</span> <span class='ocrx_word' id='word_1_120' title='bbox 917 2215 1046 2293; x_wconf 89' lang='lat' dir='ltr'>plerum·</span> 
     </span>
     <span class='ocr_line' id='line_1_18' title="bbox 114 2318 1046 2397; baseline 0.002 -19"><span class='ocrx_word' id='word_1_121' title='bbox 114 2336 169 2394; x_wconf 86' lang='lat' dir='ltr'>qne</span> <span class='ocrx_word' id='word_1_122' title='bbox 188 2338 316 2380; x_wconf 81' lang='lat' dir='ltr'>vocasse</span> <span class='ocrx_word' id='word_1_123' title='bbox 340 2319 471 2393; x_wconf 84' lang='lat' dir='ltr'>Poetas3</span> <span class='ocrx_word' id='word_1_124' title='bbox 495 2318 574 2395; x_wconf 90' lang='lat' dir='ltr'>quod</span> <span class='ocrx_word' id='word_1_125' title='bbox 598 2321 702 2397; x_wconf 89' lang='lat' dir='ltr'>procul</span> <span class='ocrx_word' id='word_1_126' title='bbox 723 2321 813 2381; x_wconf 91' lang='lat' dir='ltr'>dubio</span> <span class='ocrx_word' id='word_1_127' title='bbox 832 2321 1046 2382; x_wconf 80' lang='lat' dir='ltr'>rationabiliter</span> 
     </span>
     <span class='ocr_line' id='line_1_19' title="bbox 115 2425 1046 2504; baseline 0.003 -22"><span class='ocrx_word' id='word_1_128' title='bbox 115 2432 250 2486; x_wconf 88' lang='lat' dir='ltr'>eructare</span> <span class='ocrx_word' id='word_1_129' title='bbox 271 2425 536 2504; x_wconf 84' lang='lat' dir='ltr'>praesumpsimus,</span> <span class='ocrx_word' id='word_1_130' title='bbox 562 2425 631 2503; x_wconf 90' lang='lat' dir='ltr'>quia</span> <span class='ocrx_word' id='word_1_131' title='bbox 651 2444 774 2504; x_wconf 90' lang='lat' dir='ltr'>prorsus</span> <span class='ocrx_word' id='word_1_132' title='bbox 795 2428 895 2488; x_wconf 84' lang='lat' dir='ltr'>Poetae</span> <span class='ocrx_word' id='word_1_133' title='bbox 916 2432 999 2500; x_wconf 91' lang='lat' dir='ltr'>sunt,</span> <span class='ocrx_word' id='word_1_134' title='bbox 1021 2425 1046 2488; x_wconf 90' lang='lat' dir='ltr'>si</span> 
     </span>
     <span class='ocr_line' id='line_1_20' title="bbox 114 2528 1047 2607; baseline 0.002 -19"><span class='ocrx_word' id='word_1_135' title='bbox 114 2528 229 2591; x_wconf 87' lang='lat' dir='ltr'>Poesim</span> <span class='ocrx_word' id='word_1_136' title='bbox 246 2537 331 2592; x_wconf 90' lang='lat' dir='ltr'>recte</span> <span class='ocrx_word' id='word_1_137' title='bbox 349 2529 590 2605; x_wconf 89' lang='lat' dir='ltr'>consideremus;</span> <span class='ocrx_word' id='word_1_138' title='bbox 609 2551 676 2607; x_wconf 87' lang='lat' dir='ltr'>quae</span> <span class='ocrx_word' id='word_1_139' title='bbox 691 2532 764 2594; x_wconf 90' lang='lat' dir='ltr'>nihil</span> <span class='ocrx_word' id='word_1_140' title='bbox 781 2532 861 2592; x_wconf 91' lang='lat' dir='ltr'>aliud</span> <span class='ocrx_word' id='word_1_141' title='bbox 876 2535 938 2604; x_wconf 90' lang='lat' dir='ltr'>est,</span> <span class='ocrx_word' id='word_1_142' title='bbox 955 2549 1047 2607; x_wconf 89' lang='lat' dir='ltr'>quam</span> 
     </span>
     <span class='ocr_line' id='line_1_21' title="bbox 110 2638 1094 2716; baseline -0.006 -16"><span class='ocrx_word' id='word_1_143' title='bbox 110 2638 180 2711; x_wconf 72' lang='lat' dir='ltr'>fidia</span> <span class='ocrx_word' id='word_1_144' title='bbox 194 2641 347 2701; x_wconf 74' lang='lat' dir='ltr'>rethorica</span> <span class='ocrx_word' id='word_1_145' title='bbox 350 2684 361 2716; x_wconf 91' lang='lat'>,</span> <span class='ocrx_word' id='word_1_146' title='bbox 378 2641 410 2699; x_wconf 76' lang='lat' dir='ltr'>in</span> <span class='ocrx_word' id='word_1_147' title='bbox 428 2641 538 2700; x_wconf 79' lang='lat' dir='ltr'>musica</span> <span class='ocrx_word' id='word_1_148' title='bbox 548 2640 657 2716; x_wconf 76' lang='lat' dir='ltr'>posita.</span> <span class='ocrx_word' id='word_1_149' title='bbox 673 2639 820 2700; x_wconf 80' lang='lat' dir='ltr'>Differunt</span> <span class='ocrx_word' id='word_1_150' title='bbox 837 2643 940 2698; x_wconf 89' lang='lat' dir='ltr'>tamen</span> <span class='ocrx_word' id='word_1_151' title='bbox 953 2657 972 2699; x_wconf 87' lang='lat' dir='ltr'>a</span> <span class='ocrx_word' id='word_1_152' title='bbox 985 2657 1047 2698; x_wconf 89' lang='lat' dir='ltr'>ma·</span> <span class='ocrx_word' id='word_1_153' title='bbox 1066 2649 1094 2694; x_wconf 78' lang='lat'>15</span> 
     </span>
     <span class='ocr_line' id='line_1_22' title="bbox 113 2744 1047 2826; baseline -0.005 -17"><span class='ocrx_word' id='word_1_154' title='bbox 113 2746 172 2819; x_wconf 74' lang='lat' dir='ltr'>gnis</span> <span class='ocrx_word' id='word_1_155' title='bbox 192 2746 311 2820; x_wconf 87' lang='lat' dir='ltr'>Poetis,</span> <span class='ocrx_word' id='word_1_156' title='bbox 334 2747 391 2806; x_wconf 90' lang='lat' dir='ltr'>hoc</span> <span class='ocrx_word' id='word_1_157' title='bbox 408 2751 455 2808; x_wconf 89' lang='lat' dir='ltr'>est</span> <span class='ocrx_word' id='word_1_158' title='bbox 478 2746 681 2826; x_wconf 59' lang='lat' dir='ltr'>reportamus,</span> <span class='ocrx_word' id='word_1_159' title='bbox 698 2745 768 2821; x_wconf 89' lang='lat' dir='ltr'>quia</span> <span class='ocrx_word' id='word_1_160' title='bbox 788 2744 837 2804; x_wconf 88' lang='lat' dir='ltr'>isti</span> <span class='ocrx_word' id='word_1_161' title='bbox 855 2763 965 2820; x_wconf 86' lang='lat' dir='ltr'>magno</span> <span class='ocrx_word' id='word_1_162' title='bbox 987 2763 1047 2804; x_wconf 89' lang='lat' dir='ltr'>ser·</span> 
     </span>
     <span class='ocr_line' id='line_1_23' title="bbox 113 2848 1048 2930; baseline -0.002 -20"><span class='ocrx_word' id='word_1_163' title='bbox 113 2868 197 2914; x_wconf 88' lang='lat' dir='ltr'>mone</span> <span class='ocrx_word' id='word_1_164' title='bbox 207 2898 216 2928; x_wconf 96' lang='lat'>,</span> <span class='ocrx_word' id='word_1_165' title='bbox 237 2858 268 2914; x_wconf 86' lang='lat' dir='ltr'>et</span> <span class='ocrx_word' id='word_1_166' title='bbox 286 2857 353 2914; x_wconf 90' lang='lat' dir='ltr'>arte</span> <span class='ocrx_word' id='word_1_167' title='bbox 374 2852 503 2930; x_wconf 85' lang='lat' dir='ltr'>regulari</span> <span class='ocrx_word' id='word_1_168' title='bbox 524 2851 636 2930; x_wconf 87' lang='lat' dir='ltr'>poetati</span> <span class='ocrx_word' id='word_1_169' title='bbox 653 2855 742 2912; x_wconf 86' lang='lat' dir='ltr'>sunt:</span> <span class='ocrx_word' id='word_1_170' title='bbox 763 2848 804 2910; x_wconf 92' lang='lat' dir='ltr'>illi</span> <span class='ocrx_word' id='word_1_171' title='bbox 820 2867 890 2908; x_wconf 85' lang='lat' dir='ltr'>vero</span> <span class='ocrx_word' id='word_1_172' title='bbox 908 2861 996 2922; x_wconf 87' lang='lat' dir='ltr'>casu,</span> <span class='ocrx_word' id='word_1_173' title='bbox 1011 2854 1048 2909; x_wconf 84' lang='lat' dir='ltr'>&#39;ut</span> 
     </span>
     <span class='ocr_line' id='line_1_24' title="bbox 114 2955 1046 3036; baseline 0.001 -20"><span class='ocrx_word' id='word_1_174' title='bbox 114 2956 221 3022; x_wconf 89' lang='lat' dir='ltr'>dictum</span> <span class='ocrx_word' id='word_1_175' title='bbox 239 2964 298 3020; x_wconf 88' lang='lat' dir='ltr'>est.</span> <span class='ocrx_word' id='word_1_176' title='bbox 316 2957 430 3020; x_wconf 89' lang='lat' dir='ltr'>Idcirco</span> <span class='ocrx_word' id='word_1_177' title='bbox 450 2959 569 3033; x_wconf 89' lang='lat' dir='ltr'>accidit,</span> <span class='ocrx_word' id='word_1_178' title='bbox 582 2965 615 3019; x_wconf 91' lang='lat' dir='ltr'>ut</span> <span class='ocrx_word' id='word_1_179' title='bbox 629 2962 776 3036; x_wconf 87' lang='lat' dir='ltr'>quantum</span> <span class='ocrx_word' id='word_1_180' title='bbox 792 2955 865 3016; x_wconf 90' lang='lat' dir='ltr'>istos</span> <span class='ocrx_word' id='word_1_181' title='bbox 883 2955 1046 3034; x_wconf 88' lang='lat' dir='ltr'>proximius</span> 
     </span>
     <span class='ocr_line' id='line_1_25' title="bbox 113 3062 1047 3146; baseline 0 -20"><span class='ocrx_word' id='word_1_182' title='bbox 113 3062 275 3141; x_wconf 88' lang='lat' dir='ltr'>imitemur,</span> <span class='ocrx_word' id='word_1_183' title='bbox 291 3072 412 3129; x_wconf 87' lang='lat' dir='ltr'>tantum</span> <span class='ocrx_word' id='word_1_184' title='bbox 429 3067 539 3128; x_wconf 90' lang='lat' dir='ltr'>rectius</span> <span class='ocrx_word' id='word_1_185' title='bbox 556 3075 721 3146; x_wconf 91' lang='lat' dir='ltr'>poetemur.</span> <span class='ocrx_word' id='word_1_186' title='bbox 735 3065 821 3127; x_wconf 89' lang='lat' dir='ltr'>Unde</span> <span class='ocrx_word' id='word_1_187' title='bbox 834 3083 892 3136; x_wconf 87' lang='lat' dir='ltr'>nos</span> <span class='ocrx_word' id='word_1_188' title='bbox 906 3065 1047 3126; x_wconf 85' lang='lat' dir='ltr'>doctrinae</span> 
     </span>
     <span class='ocr_line' id='line_1_26' title="bbox 114 3158 1097 3253; baseline 0 -21"><span class='ocrx_word' id='word_1_189' title='bbox 114 3171 218 3251; x_wconf 80' lang='lat' dir='ltr'>aliquid</span> <span class='ocrx_word' id='word_1_190' title='bbox 246 3193 350 3253; x_wconf 88' lang='lat' dir='ltr'>operae</span> <span class='ocrx_word' id='word_1_191' title='bbox 378 3180 490 3234; x_wconf 85' lang='lat' dir='ltr'>nostrae</span> <span class='ocrx_word' id='word_1_192' title='bbox 509 3158 736 3252; x_wconf 80' lang='lat' dir='ltr'>impendentes,</span> <span class='ocrx_word' id='word_1_193' title='bbox 765 3172 916 3234; x_wconf 86' lang='lat' dir='ltr'>doctrinas</span> <span class='ocrx_word' id='word_1_194' title='bbox 942 3191 1048 3234; x_wconf 88' lang='lat' dir='ltr'>eorum</span> <span class='ocrx_word' id='word_1_195' title='bbox 1068 3185 1097 3232; x_wconf 74' lang='lat'>20</span> 
     </span>
     <span class='ocr_line' id='line_1_27' title="bbox 114 3277 1047 3361; baseline 0.003 -24"><span class='ocrx_word' id='word_1_196' title='bbox 114 3277 245 3342; x_wconf 86' lang='lat' dir='ltr'>Poeticas</span> <span class='ocrx_word' id='word_1_197' title='bbox 271 3281 410 3342; x_wconf 82' lang='lat' dir='ltr'>aemulari</span> <span class='ocrx_word' id='word_1_198' title='bbox 433 3287 559 3360; x_wconf 86' lang='lat' dir='ltr'>oportet.</span> <span class='ocrx_word' id='word_1_199' title='bbox 583 3281 662 3343; x_wconf 86' lang='lat' dir='ltr'>Ante</span> <span class='ocrx_word' id='word_1_200' title='bbox 688 3282 790 3343; x_wconf 92' lang='lat' dir='ltr'>omnia</span> <span class='ocrx_word' id='word_1_201' title='bbox 813 3301 883 3361; x_wconf 91' lang='lat' dir='ltr'>ergo</span> <span class='ocrx_word' id='word_1_202' title='bbox 908 3281 1047 3352; x_wconf 92' lang='lat' dir='ltr'>dicimus,</span> 
     </span>
     <span class='ocr_line' id='line_1_28' title="bbox 114 3385 1048 3467; baseline -0.001 -22"><span class='ocrx_word' id='word_1_203' title='bbox 114 3401 363 3467; x_wconf 86' lang='lat' dir='ltr'>unumquemque</span> <span class='ocrx_word' id='word_1_204' title='bbox 378 3387 487 3449; x_wconf 87' lang='lat' dir='ltr'>debere</span> <span class='ocrx_word' id='word_1_205' title='bbox 501 3385 633 3448; x_wconf 88' lang='lat' dir='ltr'>materiae</span> <span class='ocrx_word' id='word_1_206' title='bbox 648 3388 764 3464; x_wconf 90' lang='lat' dir='ltr'>pondus</span> <span class='ocrx_word' id='word_1_207' title='bbox 779 3386 905 3466; x_wconf 91' lang='lat' dir='ltr'>propriis</span> <span class='ocrx_word' id='word_1_208' title='bbox 915 3385 1048 3446; x_wconf 87' lang='lat' dir='ltr'>humeris</span> 
     </span>
     <span class='ocr_line' id='line_1_29' title="bbox 116 3492 1050 3573; baseline -0.001 -24"><span class='ocrx_word' id='word_1_209' title='bbox 116 3495 251 3573; x_wconf 80' lang='lat' dir='ltr'>excipere</span> <span class='ocrx_word' id='word_1_210' title='bbox 276 3492 406 3570; x_wconf 87' lang='lat' dir='ltr'>aequale,</span> <span class='ocrx_word' id='word_1_211' title='bbox 423 3513 463 3555; x_wconf 91' lang='lat' dir='ltr'>ne</span> <span class='ocrx_word' id='word_1_212' title='bbox 479 3493 554 3554; x_wconf 89' lang='lat' dir='ltr'>forte</span> <span class='ocrx_word' id='word_1_213' title='bbox 571 3493 769 3556; x_wconf 88' lang='lat' dir='ltr'>humerorum</span> <span class='ocrx_word' id='word_1_214' title='bbox 788 3493 880 3554; x_wconf 91' lang='lat' dir='ltr'>nimio</span> <span class='ocrx_word' id='word_1_215' title='bbox 897 3497 1050 3568; x_wconf 87' lang='lat' dir='ltr'>gravatam</span> 
     </span>
    </p>
   </div>
   <div class='ocr_carea' id='block_1_7' title="bbox 0 0 1306 4022">
    <p class='ocr_par' dir='ltr' id='par_1_7' title="bbox 0 0 1306 4022">
     <span class='ocr_line' id='line_1_30' title="bbox 0 0 1306 4022; baseline 0 0"><span class='ocrx_word' id='word_1_216' title='bbox 0 0 1306 4022; x_wconf 95' lang='lat' dir='ltr'> </span> 
     </span>
    </p>
   </div>
  </div>
 </body>
</html>
