2578 4038
457 173 541 214 iruna
561 173 717 215 succubus.
991 163 1045 220 269

110 303 220 362 lamus.
248 302 336 363 Unde
366 311 492 364 caveant
517 303 644 380 pugiles,
673 322 711 364 ne
737 303 834 381 pretio
860 306 1043 370 constituant
1063 323 1092 368 aa

111 407 166 469 sibi
194 427 337 469 causam:
360 409 505 486 quianon
529 416 601 471 tunc
616 413 765 489 Duetlum,
782 413 836 472 sed
854 413 952 474 forum
973 435 1043 476 san·

109 515 207 592 guinis
229 524 259 578 et
279 516 430 595 injustitia
451 516 611 577 dicendum
638 522 731 577 esset:
755 535 811 577 nec
834 524 906 578 tunc
932 518 1042 592 arbiter

108 621 193 682 Deus
211 623 320 682 adesse
338 625 489 696 credatur,
507 624 560 684 sed
580 623 630 682 ille
650 623 790 700 antiquus
807 625 924 696 Hostis,
947 627 998 703 qui
1012 627 1044 687 li·

108 726 169 803 ligii
196 726 295 789 fuerat
319 747 490 806 persuasor.
516 729 656 790 Habeant
685 748 820 810 semper,
844 731 868 792 si
892 735 1043 795 duellioaes

108 853 179 894 esse
205 835 323 908 volunt,
349 853 411 894 non
438 833 590 909 sanguinis
616 838 645 892 et
671 833 821 911 inJ'ustitiae
843 842 1042 910 mercatores,
1062 862 1094 908 00

106 939 227 1000 inustio
242 940 388 1016 palaestrae
403 942 472 998 ante
489 938 592 998 oculos
608 939 770 1016 Pyrrhum,
785 939 834 1017 qui
847 960 900 1018 pro
916 941 1043 1018 Imperio
1101 964 1104 970 ·

108 1044 294 1104 decertando
311 1042 354 1102 sic
372 1061 479 1103 aurum
495 1041 692 1118 despiciebat,
709 1051 743 1104 ut
759 1045 942 1106 dictumest.

190 1152 277 1225 Quod
295 1151 321 1210 si
337 1155 442 1210 contra
463 1150 619 1210 veritatem
641 1156 797 1211 ostensam
814 1153 851 1212 de
872 1151 1042 1232 imparitate

106 1257 217 1318 virium
233 1256 376 1329 instetur,
388 1265 422 1318 ut
438 1235 566 1329 adsolet,
582 1239 635 1335 per
652 1257 806 1320 victoriam
823 1261 916 1321 David
934 1263 971 1321 de
989 1260 1043 1321 Go-

104 1364 145 1425 lia
169 1364 342 1434 obtentam,
365 1363 507 1422 instantia
527 1363 688 1424 refellatur.
710 1365 746 1427 ut
769 1365 793 1426 si
811 1363 941 1428 Gentiles
963 1367 1042 1428 aliud
1062 1391 1092 1435 a,

106 1476 259 1549 peterent,
277 1468 414 1528 refellant
430 1468 529 1546 ipsam
544 1489 598 1546 per
615 1469 770 1530 victoriam
786 1471 923 1531 Herculis
939 1455 969 1531 in
984 1473 1042 1532 An·

107 1576 231 1636 thaeum.
247 1573 379 1634 Stultum
397 1575 477 1634 enlm
493 1581 538 1634 est
555 1575 654 1646 valde,
674 1575 764 1646 vires,
784 1595 858 1652 quas
876 1577 957 1636 Deus
975 1595 1042 1638 con·

107 1681 214 1752 fortat,
231 1678 387 1740 inferiores
403 1678 434 1738 in
451 1679 549 1756 pugile
572 1677 725 1756 suspicari.
745 1679 812 1740 Jam
830 1655 903 1740 satis
921 1679 1043 1740 manife-
1069 1665 1073 1673 ¹

106 1791 190 1846 stum
207 1789 267 1856 est,
287 1784 367 1860 quod
384 1803 438 1861 per
448 1785 584 1843 Duellum
598 1783 761 1859 acquiritur
777 1784 815 1843 de
831 1786 905 1844 Jure
921 1784 1042 1860 acquiri.

189 1889 250 1950 Sed
271 1889 425 1950 Romanus
445 1889 574 1967 populus
591 1909 645 1965 per
660 1887 800 1947 Duellum
819 1888 978 1966 adquisivit
989 1890 1043 1949 Im-
1064 1902 1095 1948 70

107 1996 239 2075 perium:
250 1997 331 2073 quod
341 1996 399 2055 fide
409 1996 504 2072 dignis
518 1995 695 2078 testimoniis
706 1996 925 2072 comprobatur.
938 1994 971 2054 ln
982 1995 1044 2072 qui·

109 2104 168 2164 bus
178 2102 407 2162 manifestandis
420 2121 481 2161 non
493 2103 591 2162 solum
602 2102 660 2162 boc
674 2102 842 2180 apparebit,
854 2104 907 2162 sed
925 2107 954 2163 et
966 2101 1047 2180 quid·

109 2209 180 2286 quid
193 2207 461 2285 aprimordialibus
470 2207 588 2285 Imperii
598 2206 726 2268 Romani
738 2207 961 2286 dijudicandum
971 2214 1043 2282 erat,

109 2329 164 2387 per
179 2311 316 2368 Duellum
332 2329 400 2370 esse
417 2309 596 2370 discussum.
613 2311 691 2371 Nam
708 2313 745 2372 de
766 2314 876 2389 primo,
895 2335 989 2392 quum
998 2317 1044 2376 de

111 2414 190 2474 Sede
204 2413 298 2491 patris
315 2414 428 2486 AEneae,
448 2414 497 2490 qui
514 2414 628 2491 primus
645 2414 734 2476 Pater
747 2417 837 2495 hujus
854 2419 959 2497 Populi
976 2420 1043 2493 fuit,
1064 2435 1092 2480 ta

111 2526 245 2579 vertetur
254 2518 390 2594 litigium,
410 2519 511 2579 Turno
528 2519 710 2582 Rutulorum
726 2543 796 2599 rege
813 2531 918 2585 contra
929 2531 1042 2599 stante,
1128 2534 1131 2540 '

113 2627 149 2687 de
173 2626 328 2687 communi
353 2627 513 2687 amborum
536 2647 642 2702 regum
664 2630 808 2700 adsensu,
831 2629 869 2687 ad
890 2629 1041 2701 ultimum,

112 2739 234 2812 propter
252 2731 386 2792 divinum
412 2733 638 2810 Beneplacitum
664 2731 896 2809 inquirendum,
914 2733 990 2793 inter
1011 2754 1044 2796 se

114 2839 212 2900 solum
233 2837 408 2896 dimicatum
432 2842 492 2910 est,
516 2843 548 2896 ut
574 2836 604 2896 in
621 2836 732 2897 ultimis
753 2839 897 2898 Meletos
917 2839 1042 2899 canitur.

72 2927 81 2940 ¹
113 2946 147 3005 ln
163 2964 223 3022 quo
249 2943 371 3021 quidem
392 2963 487 3021 agone
509 2949 592 3003 tanta
612 2943 732 3004 victoris
759 2945 860 3004 AEneae
886 2944 1044 3004 clementia
1064 2962 1095 3008 80

114 3051 181 3127 fuit,
202 3057 236 3112 ut
252 3051 310 3111 nisi
329 3051 480 3124 baltheus,
509 3069 600 3129 quem
625 3050 745 3109 Turnus
769 3048 896 3109 Pallanti
913 3069 931 3108 a
948 3067 982 3108 se
998 3067 1045 3108 oo·

114 3161 176 3222 ciso
203 3162 388 3232 detraxerat,
415 3158 574 3236 patuisset,
605 3157 683 3219 victo
711 3157 805 3217 victor
832 3156 921 3218 simul
952 3155 1044 3218 vitam

114 3271 329 3341 condonasset,
342 3272 372 3328 et
385 3286 505 3345 pacem;
522 3271 555 3326 ut
571 3264 677 3325 ultima
692 3263 828 3324 carmina
841 3264 936 3326 nostri
951 3266 1046 3325 Poetca

116 3387 274 3444 testantur.
292 3379 430 3455 Cumque
447 3379 507 3438 duo
529 3374 630 3454 populi
649 3393 688 3434 ex
706 3374 772 3452 ipsa
792 3373 924 3452 Trojana
944 3372 1046 3434 radice

115 3485 146 3548 in
170 3485 256 3548 ltalia
282 3473 519 3563 germinassent,
543 3483 700 3544 Romanus
728 3480 840 3544 scilicet
862 3481 989 3559 populus
1016 3485 1046 3540 et
1066 3490 1093 3538 ab
