2578 4038
229 140 284 199 304
577 152 615 194 ns
632 149 811 192 uouuncum.

182 291 212 336 40
231 287 278 348 rel
290 284 515 364 praevalentium
524 304 585 344 non
596 283 748 357 habuerit,
764 283 830 360 quis
846 283 976 358 dubitat,
992 304 1090 364 quum
1099 305 1165 366 non

163 444 166 450 .
230 397 320 456 modo
334 395 437 456 Asiani
455 401 484 456 et
500 391 632 454 Africani
647 410 766 466 omnes,
785 388 962 468 quinetiam
975 389 1074 468 major
1090 409 1163 468 pars

176 511 178 516 '
232 503 384 583 Europam
400 503 575 575 colentium,
594 502 651 562 hoc
668 501 847 561 abhorreat?
865 496 1030 557 Fastidium
1050 495 1166 556 etenim

232 617 292 684 est,
309 610 340 670 in
356 612 448 672 rebus
464 606 713 671 manifestissimis
731 604 925 684 probationes
940 605 1103 666 adducere.

598 859 695 922 Carus
715 857 788 919 XIV.

270 1049 390 1092 Virtutem
402 1043 565 1088 auctorizandi
575 1042 708 1095 Imperium
719 1051 773 1084 esse
783 1043 868 1084 contra
879 1041 992 1082 naturam
1001 1038 1129 1084 Ecclesiae.

309 1264 398 1324 Item:
416 1261 490 1322 lllud
506 1260 588 1338 quod
603 1263 650 1320 est
666 1263 771 1318 contra
785 1259 925 1316 naturam
938 1251 1080 1328 alicujus,
1098 1268 1162 1310 non

229 1372 276 1430 cst
302 1369 339 1428 de
364 1386 491 1428 numero
514 1386 638 1427 sucrum
655 1363 811 1424 virtutum:
829 1378 900 1422 cum
916 1356 1042 1417 virtutes
1059 1355 1161 1416 unius-

229 1477 376 1554 cujusque
389 1475 432 1536 rei
446 1477 668 1551 consequantur
682 1474 822 1532 naturam
841 1466 924 1543 ejus,
950 1468 1076 1541 propter
1095 1461 1164 1522 finis

229 1582 428 1661 adeptionem.
453 1580 514 1640 Sed
540 1577 633 1638 virtus
656 1555 858 1636 auctorizandi
882 1569 1023 1646 Regnum
1048 1571 1161 1626 nostrae

194 1696 208 1739 ὁ
229 1685 417 1768 mortalitatis
435 1688 482 1744 est
498 1687 603 1744 contra
622 1685 762 1742 naturam
776 1677 929 1738 Ecclesiae:
948 1694 1019 1750 ergo
1033 1693 1097 1735 non
1114 1679 1162 1734 est

125 1783 128 1790 ’
230 1788 268 1850 de
294 1807 420 1848 numero
444 1787 587 1848 virtutum
617 1803 750 1846 suarum.
776 1783 823 1843 Ad
850 1780 1028 1844 evidentiam
1056 1785 1160 1842 autem

229 1893 368 1968 minoris,
399 1893 567 1966 sciendum,
594 1892 675 1970 quod
701 1898 810 1951 actura
831 1887 971 1950 Ecclesiae
990 1888 1091 1962 forma
1112 1891 1159 1947 cst

227 2005 369 2064 Ecclesiae.
396 2003 476 2064 Nam
501 2000 637 2076 quamvis
658 2007 767 2060 matura
795 1997 909 2060 dicatur
927 1997 964 2058 de
980 1997 1105 2056 materia
1129 2002 1160 2056 et

225 2111 338 2187 forma,
364 2109 485 2187 propius
506 2113 609 2170 tamen
630 2106 735 2168 dicitur
756 2107 793 2166 de
813 2105 926 2180 forma,
945 2106 979 2162 ut
998 2109 1159 2164 ostensum

181 2228 209 2272 io
230 2219 276 2275 est
291 2215 322 2273 in
338 2214 477 2274 Naturali
489 2213 602 2272 auditu.
616 2212 726 2272 Forma
735 2219 837 2274 autem
847 2213 977 2272 Ecclesia
989 2209 1063 2269 nihil
1076 2209 1157 2270 aliud

229 2320 275 2378 est
301 2335 393 2392 quam
419 2317 485 2376 Vita
511 2312 639 2394 Christi,
663 2321 727 2376 tam
747 2315 778 2376 in
799 2315 883 2376 dictis
905 2335 996 2392 quam
1019 2316 1050 2376 in
1070 2314 1157 2376 lactis

229 2425 455 2502 comprehensa.
479 2423 545 2484 Vita
565 2422 645 2516 enim
665 2422 760 2501 ipsius
780 2424 852 2484 Idea
872 2423 927 2484 luit
944 2429 973 2483 et
993 2425 1156 2500 Eamnpiar

227 2530 382 2594 militantis
394 2529 544 2603 Ecclesiae,
558 2529 725 2608 praesertim
739 2530 908 2603 Pastorum,
924 2530 1055 2592 maxime
1070 2531 1155 2592 Sum·

228 2627 284 2702 mi,
301 2629 385 2706 cujus
398 2627 529 2688 officium
544 2635 589 2688 est
603 2646 726 2704 pascere
739 2647 832 2704 agnos
847 2633 877 2688 et
890 2648 971 2689 oves.
987 2629 1074 2689 Unde
1087 2629 1154 2706 lpse

180 2753 208 2797 ta
227 2735 259 2798 in
277 2731 414 2795 iohanne
433 2734 564 2796 formam
580 2754 642 2794 suae
669 2735 742 2794 Vua
760 2734 946 2812 relinquens:
967 2737 1150 2812 Eauaplum,

225 2841 335 2919 inquii,
354 2841 422 2900 dedi
436 2842 526 2918 codd,
542 2847 574 2900 ui
590 2842 825 2918 quemadmodum
840 2843 902 2920 Epo
916 2843 988 2918 feci,
1005 2845 1047 2902 iia
1064 2851 1090 2902 et
1106 2862 1153 2903 cos

224 2940 351 3015 faciatis.
368 2939 406 3000 Et
426 2938 592 3016 specialiter
614 2940 651 3000 ad
671 2939 808 3012 Petrum,
836 2947 999 3018 postquam
1019 2939 1152 3001 Pastoris
1241 2955 1245 2964 ·

226 3045 357 3108 officium
378 3044 434 3105 sibi
453 3043 618 3116 commisit,
639 3049 672 3104 ut
691 3043 723 3104 in
743 3046 851 3106 eodem
871 3045 1033 3108 habemus:
1055 3049 1152 3124 Petra,

224 3150 334 3229 inquit,
354 3171 467 3230 sequere
491 3171 541 3211 me.
568 3151 628 3212 Sed
653 3150 788 3213 Christus
810 3152 982 3232 hujusmodi
1006 3153 1152 3232 Regimen

177 3268 206 3316 20
226 3273 329 3316 coram
350 3257 443 3318 Pilato
469 3257 645 3336 abnegavit:
672 3260 813 3338 Repuum,
840 3259 951 3337 inquit,
977 3279 1070 3320 mcum
1095 3280 1154 3322 nou

174 3413 176 3420 .
225 3370 265 3424 eat
281 3364 315 3424 de
330 3365 382 3424 lroc
396 3367 516 3425 maudo:
531 3366 558 3424 ai
573 3383 610 3423 esc
625 3365 677 3424 icoc
692 3368 798 3426 muado
819 3375 887 3428 esset
901 3369 1030 3444 Repuum
1043 3387 1153 3443 mcum,

224 3468 357 3528 Minisiri
370 3470 425 3527 mei
440 3470 536 3548 utique
552 3471 726 3530 decertarent
746 3479 779 3530 ui
801 3492 859 3534 nou
874 3475 1006 3536 traderer
1022 3474 1152 3534 Judau:
