2590 4038
364 218 369 225 ·
465 213 552 254 niune
569 213 687 256 paruus
989 205 1039 262 221

78 339 167 414 Quae
182 348 296 402 autem
313 341 353 402 sit
365 342 430 416 iila,
443 341 637 404 manifestum
651 343 717 418 fiet,
735 343 761 405 si
776 343 915 407 ultimum
932 348 970 408 de
989 367 1040 426 po·

79 447 190 509 tentia
216 449 317 510 totius
343 449 547 511 Humanitatis
570 456 723 529 appareat.
750 452 822 514 Dico
849 473 932 532 ergo,
959 458 1039 532 quod

78 554 180 615 nulla
192 554 243 616 vis
262 575 282 616 a
296 554 433 634 pluribus
447 557 546 635 specie
560 558 684 620 diversis
697 560 886 639 participata,
900 563 1040 624 ultimum

81 664 138 720 est
163 662 206 721 de
229 662 368 739 potentia
387 661 512 742 alicujus
533 663 660 725 illorum.
679 665 754 739 Quia
775 685 845 726 cum
864 665 937 727 illud
959 668 1039 744 quod

83 771 140 827 est
156 766 310 828 ultimum
323 768 396 842 tale,
412 767 450 828 sit
467 769 691 830 constitutivum
708 771 830 849 speciei,
849 778 1038 849 sequeretur,
1060 785 1090 831 50

85 875 182 952 quod
198 895 265 936 una
280 875 412 936 essentia
426 876 560 954 pluribus
578 875 734 954 speciebus
757 884 837 938 esset
854 877 1039 956 specificata3

85 983 184 1060 quod
196 991 247 1044 est
256 982 451 1061 impossibile.
463 984 531 1044 Non
542 991 588 1046 est
601 1003 672 1062 ergo
686 984 729 1045 vis
743 985 849 1046 ultima
860 985 891 1046 in
903 984 1037 1058 homine,

86 1087 205 1166 ipsum
229 1108 288 1148 esee
307 1087 481 1166 simpliciter
502 1094 670 1168 sumptum,
690 1089 759 1166 quia
777 1088 866 1150 etsie
884 1097 1039 1168 sumptum

89 1196 137 1256 ab
168 1193 329 1255 elementis
354 1193 566 1272 participatur:
597 1213 655 1254 nec
679 1215 736 1254 ecce
760 1199 1036 1274 complexionalem,

90 1301 174 1379 quia
192 1309 225 1362 et
245 1301 304 1360 hoc
325 1301 473 1378 reperitur
492 1301 524 1360 in
544 1301 757 1362 mineralibus:
779 1321 836 1362 nec
856 1323 913 1363 esse
928 1306 1040 1364 um‘ma·
1068 1316 1097 1360 35

91 1417 184 1486 tum,
206 1404 278 1484 quia
302 1405 345 1467 sic
365 1413 395 1466 et
412 1405 443 1465 in
463 1407 591 1485 plantis:
617 1427 674 1469 nec
700 1429 757 1470 esse
780 1413 1038 1490 apprelemloum,

93 1511 176 1590 quia
190 1510 235 1572 sic
251 1515 281 1572 et
294 1530 313 1571 a
328 1511 424 1571 brutis
434 1511 640 1590 participatum
656 1515 710 1574 sed
726 1533 783 1573 esse
803 1516 1040 1590 apprehensiuum

87 1639 156 1698 per
176 1619 354 1678 Intellectum
367 1621 547 1696 possibilem,
569 1621 650 1696 quod
673 1619 795 1696 quidem
817 1639 884 1680 esse
903 1621 976 1680 nulli
1001 1621 1038 1682 ab

94 1727 230 1792 homine
247 1727 295 1787 alii
312 1726 452 1804 competit
466 1728 513 1786 vel
531 1746 622 1803 supra
638 1726 686 1785 vel
701 1725 788 1784 infra,
806 1725 884 1784 Nam
902 1727 959 1786 etsi
974 1727 1038 1786 aliae

98 1843 177 1898 sunt
196 1833 343 1894 Essentiae
360 1832 543 1893 intellectum
559 1831 857 1919 participantemnon
874 1835 977 1891 tamen
994 1832 1038 1891 In·
1058 1847 1089 1893 lu

96 1941 246 2003 telleclus
259 1957 364 1999 earum
379 1943 424 1998 est
438 1935 598 2015 possibilis,
609 1942 642 1996 ut
655 1935 797 1996 hominis:
814 1935 1038 2013 quiaEssentiae

97 2048 181 2112 tales
200 2044 318 2124 species
334 2044 473 2122 quaedam
490 2047 560 2103 sunt
579 2041 807 2118 intellectuales,
826 2050 856 2104 et
871 2063 932 2104 non
946 2042 1036 2104 aliud:

98 2165 134 2220 et
149 2174 261 2218 earum
275 2172 342 2214 esse
358 2152 401 2212 nil
416 2152 495 2212 aliud
512 2156 570 2224 est,
589 2171 681 2229 quam
695 2151 885 2229 intelligere,
895 2153 975 2230 quod
996 2152 1036 2213 la-

97 2263 188 2324 ciunt
205 2259 270 2322 sine
289 2257 517 2336 interruptione,
539 2257 623 2318 aliter
643 2257 831 2336 sempiternae
847 2279 908 2320 non
926 2263 1037 2320 essent.

98 2371 193 2430 Patet
208 2367 310 2446 igitur,
332 2365 413 2442 quod
429 2364 568 2424 ultimum
585 2364 622 2424 de
639 2365 771 2441 potentia
786 2364 879 2444 ipsius
895 2365 1038 2426 Humani·
1059 2381 1088 2426 45

101 2474 190 2546 tatis,
201 2479 249 2534 est
255 2472 387 2549 polemio
403 2469 465 2532 sive
481 2471 573 2530 uirtus
589 2469 763 2532 intellectiva.
776 2470 811 2532 Et
823 2470 892 2546 quia
902 2470 1036 2549 potentia

101 2580 164 2644 ista
178 2597 340 2658 perunum
352 2577 520 2652 hominem,
536 2595 589 2637 seu
602 2597 656 2654 per
668 2577 800 2654 aliquam
814 2573 1036 2653 particularium

103 2683 360 2746 communitatum
385 2683 522 2762 superius
548 2673 769 2753 distinctarum,
798 2685 861 2741 tota
889 2679 978 2741 simul
1007 2663 1045 2740 in¹

104 2797 210 2852 actum
223 2789 326 2852 reduci
337 2808 399 2850 non
412 2793 523 2868 potest,
536 2806 660 2848 necesse
675 2794 720 2848 est
734 2786 955 2848 multitudinem
969 2806 1037 2848 esse

108 2899 140 2959 in
153 2873 290 2958 humano
302 2897 430 2970 Genere,
442 2915 497 2974 per
510 2915 603 2973 quem
618 2895 739 2972 quidem
753 2899 816 2954 tota
829 2895 962 2972 potentia
975 2893 1039 2952 haec
1058 2909 1089 2954 oc

104 3007 253 3066 actuetur.
271 3001 353 3062 Sicut
368 3020 494 3062 necesse
508 3006 554 3062 est
567 3001 787 3062 multitudinem
803 2979 906 3061 rerum
920 3017 1039 3076 genera·

105 3108 224 3180 bilium,
238 3115 271 3170 ut
285 3108 417 3187 potentia
428 3113 491 3168 tota
502 3108 635 3168 materiae
645 3107 748 3186 primae
762 3125 883 3186 semper
897 3107 954 3166 sub
969 3111 1038 3166 actu

106 3218 160 3280 sit:
182 3217 270 3280 aliter
291 3225 373 3279 esset
392 3218 465 3279 dare
486 3215 650 3296 potentiam
676 3219 861 3292 separatam:
887 3214 966 3292 quod
994 3221 1040 3275 est

105 3322 301 3402 impossibile.
321 3323 359 3384 Et
379 3321 449 3384 huic
468 3321 623 3382 sententiae
648 3320 810 3380 concordat
834 3319 988 3394 Averrois,
1008 3321 1039 3380 in

106 3427 268 3488 Commenta
282 3447 375 3506 super
387 3428 422 3488 iis
437 3447 503 3508 quae
517 3430 551 3487 cle
563 3429 680 3488 Anima.
695 3427 832 3489 Potentia
848 3429 939 3490 etiam
958 3427 1041 3488 intel·
1061 3436 1089 3481 55

105 3533 227 3608 lectica,
243 3535 282 3594 de
306 3551 367 3609 qua
382 3533 502 3609 loquor,
523 3551 584 3592 non
606 3531 703 3592 solum
724 3537 770 3591 est
792 3533 830 3592 ad
850 3532 963 3592 formas
981 3531 1042 3590 uni·
