<?xml version="1.0" encoding="UTF-8"?>
<!DOCTYPE html PUBLIC "-//W3C//DTD XHTML 1.0 Transitional//EN"
    "http://www.w3.org/TR/xhtml1/DTD/xhtml1-transitional.dtd">
<html xmlns="http://www.w3.org/1999/xhtml" xml:lang="en" lang="en">
 <head>
  <title>
</title>
<meta http-equiv="Content-Type" content="text/html;charset=utf-8" />
  <meta name='ocr-system' content='tesseract 3.04.00' />
  <meta name='ocr-capabilities' content='ocr_page ocr_carea ocr_par ocr_line ocrx_word'/>
</head>
<body>
  <div class='ocr_page' id='page_1' title='image "./operelatine00giulgoog_0046.png"; bbox 0 0 2560 4022; ppageno 0'>
   <div class='ocr_carea' id='block_1_1' title="bbox 436 187 1015 245">
    <p class='ocr_par' dir='ltr' id='par_1_1' title="bbox 436 187 1015 245">
     <span class='ocr_line' id='line_1_1' title="bbox 436 187 1015 245; baseline -0.003 -1"><span class='ocrx_word' id='word_1_1' title='bbox 436 201 524 245; x_wconf 76' lang='lat' dir='ltr'>arana</span> <span class='ocrx_word' id='word_1_2' title='bbox 541 202 660 245; x_wconf 79' lang='lat' dir='ltr'>earnes.</span> <span class='ocrx_word' id='word_1_3' title='bbox 978 187 1015 242; x_wconf 79' lang='lat'>27</span> 
     </span>
    </p>
   </div>
   <div class='ocr_carea' id='block_1_2' title="bbox 66 329 1063 1493">
    <p class='ocr_par' dir='ltr' id='par_1_2' title="bbox 67 329 1061 735">
     <span class='ocr_line' id='line_1_2' title="bbox 73 329 1010 412; baseline 0.001 -20"><span class='ocrx_word' id='word_1_4' title='bbox 73 353 124 410; x_wconf 87' lang='lat' dir='ltr'>qua</span> <span class='ocrx_word' id='word_1_5' title='bbox 139 332 272 412; x_wconf 89' lang='lat' dir='ltr'>quidem</span> <span class='ocrx_word' id='word_1_6' title='bbox 295 333 400 394; x_wconf 87' lang='lat' dir='ltr'>forma</span> <span class='ocrx_word' id='word_1_7' title='bbox 420 330 518 392; x_wconf 85' lang='lat' dir='ltr'>omnis</span> <span class='ocrx_word' id='word_1_8' title='bbox 533 331 634 408; x_wconf 80' lang='lat' dir='ltr'>lingua</span> <span class='ocrx_word' id='word_1_9' title='bbox 654 329 840 408; x_wconf 90' lang='lat' dir='ltr'>loquentium</span> <span class='ocrx_word' id='word_1_10' title='bbox 861 335 1010 406; x_wconf 86' lang='lat' dir='ltr'>uteretur,</span> 
     </span>
     <span class='ocr_line' id='line_1_3' title="bbox 73 437 1061 518; baseline 0.007 -22"><span class='ocrx_word' id='word_1_11' title='bbox 73 439 120 498; x_wconf 86' lang='lat' dir='ltr'>nisi</span> <span class='ocrx_word' id='word_1_12' title='bbox 134 441 228 518; x_wconf 89' lang='lat' dir='ltr'>culpa</span> <span class='ocrx_word' id='word_1_13' title='bbox 250 439 502 518; x_wconf 76' lang='lat' dir='ltr'>praesumptionis</span> <span class='ocrx_word' id='word_1_14' title='bbox 519 438 660 499; x_wconf 77' lang='lat' dir='ltr'>humanae</span> <span class='ocrx_word' id='word_1_15' title='bbox 681 437 824 517; x_wconf 87' lang='lat' dir='ltr'>dissipata</span> <span class='ocrx_word' id='word_1_16' title='bbox 840 439 959 514; x_wconf 85' lang='lat' dir='ltr'>fuisset,</span> <span class='ocrx_word' id='word_1_17' title='bbox 976 449 1010 503; x_wconf 90' lang='lat' dir='ltr'>ut</span> <span class='ocrx_word' id='word_1_18' title='bbox 1029 457 1061 503; x_wconf 73' lang='lat'>55</span> 
     </span>
     <span class='ocr_line' id='line_1_4' title="bbox 69 544 1011 612; baseline 0.011 -10"><span class='ocrx_word' id='word_1_19' title='bbox 69 544 184 606; x_wconf 83' lang='lat' dir='ltr'>interius</span> <span class='ocrx_word' id='word_1_20' title='bbox 208 546 409 606; x_wconf 90' lang='lat' dir='ltr'>ostendetur.</span> <span class='ocrx_word' id='word_1_21' title='bbox 436 545 501 606; x_wconf 89' lang='lat' dir='ltr'>Hac</span> <span class='ocrx_word' id='word_1_22' title='bbox 525 545 624 606; x_wconf 83' lang='lat' dir='ltr'>forma</span> <span class='ocrx_word' id='word_1_23' title='bbox 643 545 799 608; x_wconf 89' lang='lat' dir='ltr'>locutionis</span> <span class='ocrx_word' id='word_1_24' title='bbox 825 549 943 611; x_wconf 89' lang='lat' dir='ltr'>locutus</span> <span class='ocrx_word' id='word_1_25' title='bbox 964 556 1011 612; x_wconf 90' lang='lat' dir='ltr'>est</span> 
     </span>
     <span class='ocr_line' id='line_1_5' title="bbox 67 650 1010 735; baseline 0.011 -26"><span class='ocrx_word' id='word_1_26' title='bbox 67 650 170 723; x_wconf 80' lang='lat' dir='ltr'>Adam,</span> <span class='ocrx_word' id='word_1_27' title='bbox 190 651 256 711; x_wconf 86' lang='lat' dir='ltr'>hac</span> <span class='ocrx_word' id='word_1_28' title='bbox 273 651 378 711; x_wconf 83' lang='lat' dir='ltr'>forma</span> <span class='ocrx_word' id='word_1_29' title='bbox 391 651 483 711; x_wconf 89' lang='lat' dir='ltr'>locuti</span> <span class='ocrx_word' id='word_1_30' title='bbox 499 657 569 712; x_wconf 89' lang='lat' dir='ltr'>sunt</span> <span class='ocrx_word' id='word_1_31' title='bbox 584 671 690 714; x_wconf 89' lang='lat' dir='ltr'>omnes</span> <span class='ocrx_word' id='word_1_32' title='bbox 707 653 820 731; x_wconf 76' lang='lat' dir='ltr'>posteri</span> <span class='ocrx_word' id='word_1_33' title='bbox 836 655 900 732; x_wconf 85' lang='lat' dir='ltr'>ejus</span> <span class='ocrx_word' id='word_1_34' title='bbox 912 675 1010 735; x_wconf 86' lang='lat' dir='ltr'>usque</span> 
     </span>
    </p>

    <p class='ocr_par' dir='ltr' id='par_1_3' title="bbox 66 743 1063 1493">
     <span class='ocr_line' id='line_1_6' title="bbox 67 743 1009 836; baseline 0.004 -18"><span class='ocrx_word' id='word_1_35' title='bbox 67 761 102 818; x_wconf 87' lang='lat' dir='ltr'>ad</span> <span class='ocrx_word' id='word_1_36' title='bbox 121 759 368 820; x_wconf 76' lang='lat' dir='ltr'>edificationem</span> <span class='ocrx_word' id='word_1_37' title='bbox 387 758 479 819; x_wconf 89' lang='lat' dir='ltr'>turris</span> <span class='ocrx_word' id='word_1_38' title='bbox 499 743 606 832; x_wconf 69' lang='lat' dir='ltr'>Bahal,</span> <span class='ocrx_word' id='word_1_39' title='bbox 628 777 695 836; x_wconf 78' lang='lat' dir='ltr'>quae</span> <span class='ocrx_word' id='word_1_40' title='bbox 716 758 806 819; x_wconf 88' lang='lat' dir='ltr'>turris</span> <span class='ocrx_word' id='word_1_41' title='bbox 827 757 1009 822; x_wconf 84' lang='lat' dir='ltr'>contusionis</span> 
     </span>
     <span class='ocr_line' id='line_1_7' title="bbox 66 861 1011 940; baseline 0.012 -21"><span class='ocrx_word' id='word_1_42' title='bbox 66 861 305 940; x_wconf 74' lang='lat' dir='ltr'>interpretatur:</span> <span class='ocrx_word' id='word_1_43' title='bbox 330 863 410 923; x_wconf 88' lang='lat' dir='ltr'>hanc</span> <span class='ocrx_word' id='word_1_44' title='bbox 430 863 561 925; x_wconf 88' lang='lat' dir='ltr'>formam</span> <span class='ocrx_word' id='word_1_45' title='bbox 583 865 741 927; x_wconf 89' lang='lat' dir='ltr'>locutionis</span> <span class='ocrx_word' id='word_1_46' title='bbox 761 867 920 930; x_wconf 75' lang='lat' dir='ltr'>hereditati</span> <span class='ocrx_word' id='word_1_47' title='bbox 940 874 1011 930; x_wconf 89' lang='lat' dir='ltr'>sunt</span> 
     </span>
     <span class='ocr_line' id='line_1_8' title="bbox 67 968 1063 1054; baseline 0.012 -28"><span class='ocrx_word' id='word_1_48' title='bbox 67 968 113 1027; x_wconf 85' lang='lat' dir='ltr'>filii</span> <span class='ocrx_word' id='word_1_49' title='bbox 128 969 251 1043; x_wconf 90' lang='lat' dir='ltr'>Heber‚</span> <span class='ocrx_word' id='word_1_50' title='bbox 277 969 333 1046; x_wconf 94' lang='lat' dir='ltr'>qui</span> <span class='ocrx_word' id='word_1_51' title='bbox 350 970 389 1029; x_wconf 86' lang='lat' dir='ltr'>ab</span> <span class='ocrx_word' id='word_1_52' title='bbox 411 989 447 1030; x_wconf 87' lang='lat' dir='ltr'>eo</span> <span class='ocrx_word' id='word_1_53' title='bbox 465 969 533 1030; x_wconf 91' lang='lat' dir='ltr'>dicti</span> <span class='ocrx_word' id='word_1_54' title='bbox 554 976 625 1032; x_wconf 89' lang='lat' dir='ltr'>sunt</span> <span class='ocrx_word' id='word_1_55' title='bbox 646 971 773 1033; x_wconf 84' lang='lat' dir='ltr'>Hebraei.</span> <span class='ocrx_word' id='word_1_56' title='bbox 790 973 828 1034; x_wconf 88' lang='lat' dir='ltr'>lis</span> <span class='ocrx_word' id='word_1_57' title='bbox 849 974 921 1036; x_wconf 90' lang='lat' dir='ltr'>solis</span> <span class='ocrx_word' id='word_1_58' title='bbox 940 984 1010 1054; x_wconf 91' lang='lat' dir='ltr'>post</span> <span class='ocrx_word' id='word_1_59' title='bbox 1029 985 1063 1030; x_wconf 80' lang='lat'>⁴⁰</span> 
     </span>
     <span class='ocr_line' id='line_1_9' title="bbox 69 1074 1011 1159; baseline 0.013 -27"><span class='ocrx_word' id='word_1_60' title='bbox 69 1074 283 1137; x_wconf 80' lang='lat' dir='ltr'>confusionem</span> <span class='ocrx_word' id='word_1_61' title='bbox 307 1077 467 1151; x_wconf 87' lang='lat' dir='ltr'>remansit,</span> <span class='ocrx_word' id='word_1_62' title='bbox 493 1083 526 1139; x_wconf 92' lang='lat' dir='ltr'>ut</span> <span class='ocrx_word' id='word_1_63' title='bbox 551 1079 734 1158; x_wconf 87' lang='lat' dir='ltr'>Redemptor</span> <span class='ocrx_word' id='word_1_64' title='bbox 757 1086 873 1155; x_wconf 89' lang='lat' dir='ltr'>noster,</span> <span class='ocrx_word' id='word_1_65' title='bbox 898 1081 1011 1159; x_wconf 84' lang='lat' dir='ltr'>quiex</span> 
     </span>
     <span class='ocr_line' id='line_1_10' title="bbox 67 1179 1011 1266; baseline 0.014 -29"><span class='ocrx_word' id='word_1_66' title='bbox 67 1179 120 1241; x_wconf 89' lang='lat' dir='ltr'>illis</span> <span class='ocrx_word' id='word_1_67' title='bbox 140 1184 283 1244; x_wconf 92' lang='lat' dir='ltr'>oriturus</span> <span class='ocrx_word' id='word_1_68' title='bbox 305 1189 371 1243; x_wconf 84' lang='lat' dir='ltr'>eret</span> <span class='ocrx_word' id='word_1_69' title='bbox 391 1186 558 1245; x_wconf 88' lang='lat' dir='ltr'>secundum</span> <span class='ocrx_word' id='word_1_70' title='bbox 575 1185 807 1260; x_wconf 85' lang='lat' dir='ltr'>humanitatem,</span> <span class='ocrx_word' id='word_1_71' title='bbox 828 1207 889 1248; x_wconf 90' lang='lat' dir='ltr'>uon</span> <span class='ocrx_word' id='word_1_72' title='bbox 909 1188 1011 1266; x_wconf 77' lang='lat' dir='ltr'>lingua</span> 
     </span>
     <span class='ocr_line' id='line_1_11' title="bbox 69 1291 1010 1371; baseline 0.006 -21"><span class='ocrx_word' id='word_1_73' title='bbox 69 1292 269 1366; x_wconf 81' lang='lat' dir='ltr'>contusionis,</span> <span class='ocrx_word' id='word_1_74' title='bbox 289 1293 346 1352; x_wconf 87' lang='lat' dir='ltr'>sed</span> <span class='ocrx_word' id='word_1_75' title='bbox 360 1291 463 1368; x_wconf 85' lang='lat' dir='ltr'>gratiae</span> <span class='ocrx_word' id='word_1_76' title='bbox 480 1292 639 1354; x_wconf 82' lang='lat' dir='ltr'>frueretur.</span> <span class='ocrx_word' id='word_1_77' title='bbox 654 1293 722 1355; x_wconf 86' lang='lat' dir='ltr'>Fuit</span> <span class='ocrx_word' id='word_1_78' title='bbox 739 1312 810 1371; x_wconf 83' lang='lat' dir='ltr'>ergo</span> <span class='ocrx_word' id='word_1_79' title='bbox 826 1295 1010 1356; x_wconf 86' lang='lat' dir='ltr'>Hebraicum</span> 
     </span>
     <span class='ocr_line' id='line_1_12' title="bbox 68 1396 967 1493; baseline 0.006 -38"><span class='ocrx_word' id='word_1_80' title='bbox 68 1396 175 1459; x_wconf 89' lang='lat' dir='ltr'>idioma</span> <span class='ocrx_word' id='word_1_81' title='bbox 191 1399 242 1473; x_wconf 90' lang='lat' dir='ltr'>id,</span> <span class='ocrx_word' id='word_1_82' title='bbox 258 1400 343 1477; x_wconf 90' lang='lat' dir='ltr'>quod</span> <span class='ocrx_word' id='word_1_83' title='bbox 361 1397 450 1476; x_wconf 89' lang='lat' dir='ltr'>primi</span> <span class='ocrx_word' id='word_1_84' title='bbox 465 1399 627 1477; x_wconf 85' lang='lat' dir='ltr'>Loquentis</span> <span class='ocrx_word' id='word_1_85' title='bbox 642 1399 723 1493; x_wconf 74' lang='lat' dir='ltr'>labia</span> <span class='ocrx_word' id='word_1_86' title='bbox 739 1399 967 1460; x_wconf 84' lang='lat' dir='ltr'>fabricaverunt.</span> 
     </span>
    </p>
   </div>
   <div class='ocr_carea' id='block_1_3' title="bbox 453 1646 632 1708">
    <p class='ocr_par' dir='ltr' id='par_1_4' title="bbox 453 1646 632 1708">
     <span class='ocr_line' id='line_1_13' title="bbox 453 1646 632 1708; baseline 0 -1"><span class='ocrx_word' id='word_1_87' title='bbox 453 1646 549 1708; x_wconf 74' lang='lat' dir='ltr'>Carur</span> <span class='ocrx_word' id='word_1_88' title='bbox 572 1649 632 1707; x_wconf 90' lang='lat' dir='ltr'>Vll.</span> 
     </span>
    </p>
   </div>
   <div class='ocr_carea' id='block_1_4' title="bbox 242 1837 821 1894">
    <p class='ocr_par' dir='ltr' id='par_1_5' title="bbox 242 1837 821 1894">
     <span class='ocr_line' id='line_1_14' title="bbox 242 1837 821 1894; baseline 0 -14"><span class='ocrx_word' id='word_1_89' title='bbox 242 1879 248 1894; x_wconf 71' lang='grc'><em>,</em></span> <span class='ocrx_word' id='word_1_90' title='bbox 266 1839 300 1882; x_wconf 85' lang='lat' dir='ltr'>Da</span> <span class='ocrx_word' id='word_1_91' title='bbox 313 1838 435 1882; x_wconf 82' lang='lat' dir='ltr'>divisione</span> <span class='ocrx_word' id='word_1_92' title='bbox 448 1838 568 1881; x_wconf 85' lang='lat' dir='ltr'>sermonis</span> <span class='ocrx_word' id='word_1_93' title='bbox 582 1839 607 1879; x_wconf 88' lang='lat' dir='ltr'>in</span> <span class='ocrx_word' id='word_1_94' title='bbox 621 1838 705 1889; x_wconf 85' lang='lat' dir='ltr'>plures</span> <span class='ocrx_word' id='word_1_95' title='bbox 718 1837 821 1889; x_wconf 71' lang='lat' dir='ltr'>linguas.</span> 
     </span>
    </p>
   </div>
   <div class='ocr_carea' id='block_1_5' title="bbox 152 2033 1011 2116">
    <p class='ocr_par' dir='ltr' id='par_1_6' title="bbox 152 2033 1011 2116">
     <span class='ocr_line' id='line_1_15' title="bbox 152 2033 1011 2116; baseline 0 -19"><span class='ocrx_word' id='word_1_96' title='bbox 152 2038 301 2116; x_wconf 88' lang='lat' dir='ltr'>Dispudet</span> <span class='ocrx_word' id='word_1_97' title='bbox 314 2038 376 2098; x_wconf 92' lang='lat' dir='ltr'>heu</span> <span class='ocrx_word' id='word_1_98' title='bbox 389 2056 471 2097; x_wconf 89' lang='lat' dir='ltr'>nunc</span> <span class='ocrx_word' id='word_1_99' title='bbox 486 2035 609 2097; x_wconf 88' lang='lat' dir='ltr'>humani</span> <span class='ocrx_word' id='word_1_100' title='bbox 623 2033 743 2114; x_wconf 84' lang='lat' dir='ltr'>generis</span> <span class='ocrx_word' id='word_1_101' title='bbox 757 2033 952 2112; x_wconf 84' lang='lat' dir='ltr'>ignominiam</span> <span class='ocrx_word' id='word_1_102' title='bbox 965 2055 1011 2097; x_wconf 91' lang='lat' dir='ltr'>re-</span> 
     </span>
    </p>
   </div>
   <div class='ocr_carea' id='block_1_6' title="bbox 76 2148 1057 3619">
    <p class='ocr_par' dir='ltr' id='par_1_7' title="bbox 76 2148 1057 3619">
     <span class='ocr_line' id='line_1_16' title="bbox 76 2148 1011 2230; baseline 0.015 -27"><span class='ocrx_word' id='word_1_103' title='bbox 76 2155 199 2209; x_wconf 88' lang='lat' dir='ltr'>novare!</span> <span class='ocrx_word' id='word_1_104' title='bbox 220 2149 284 2209; x_wconf 90' lang='lat' dir='ltr'>Sed</span> <span class='ocrx_word' id='word_1_105' title='bbox 312 2148 382 2226; x_wconf 87' lang='lat' dir='ltr'>quia</span> <span class='ocrx_word' id='word_1_106' title='bbox 404 2149 555 2226; x_wconf 87' lang='lat' dir='ltr'>praeterire</span> <span class='ocrx_word' id='word_1_107' title='bbox 575 2170 636 2211; x_wconf 90' lang='lat' dir='ltr'>non</span> <span class='ocrx_word' id='word_1_108' title='bbox 656 2171 819 2230; x_wconf 88' lang='lat' dir='ltr'>possumus</span> <span class='ocrx_word' id='word_1_109' title='bbox 837 2153 909 2230; x_wconf 90' lang='lat' dir='ltr'>quin</span> <span class='ocrx_word' id='word_1_110' title='bbox 929 2163 1011 2216; x_wconf 87' lang='lat' dir='ltr'>tran·</span> 
     </span>
     <span class='ocr_line' id='line_1_17' title="bbox 77 2255 1010 2338; baseline 0.014 -28"><span class='ocrx_word' id='word_1_111' title='bbox 77 2270 195 2316; x_wconf 86' lang='lat' dir='ltr'>scamus</span> <span class='ocrx_word' id='word_1_112' title='bbox 211 2276 268 2334; x_wconf 87' lang='lat' dir='ltr'>per</span> <span class='ocrx_word' id='word_1_113' title='bbox 288 2255 372 2316; x_wconf 89' lang='lat' dir='ltr'>illam</span> <span class='ocrx_word' id='word_1_114' title='bbox 390 2258 588 2335; x_wconf 86' lang='lat' dir='ltr'>(quamquam</span> <span class='ocrx_word' id='word_1_115' title='bbox 608 2259 700 2319; x_wconf 89' lang='lat' dir='ltr'>rubor</span> <span class='ocrx_word' id='word_1_116' title='bbox 720 2258 751 2318; x_wconf 91' lang='lat' dir='ltr'>in</span> <span class='ocrx_word' id='word_1_117' title='bbox 771 2278 825 2320; x_wconf 86' lang='lat' dir='ltr'>ora</span> <span class='ocrx_word' id='word_1_118' title='bbox 847 2269 1010 2338; x_wconf 78' lang='lat' dir='ltr'>consurgat</span> 
     </span>
     <span class='ocr_line' id='line_1_18' title="bbox 78 2355 1009 2443; baseline 0.016 -29"><span class='ocrx_word' id='word_1_119' title='bbox 78 2355 255 2435; x_wconf 88' lang='lat' dir='ltr'>animusque</span> <span class='ocrx_word' id='word_1_120' title='bbox 277 2357 419 2438; x_wconf 81' lang='lat' dir='ltr'>refugiat)</span> <span class='ocrx_word' id='word_1_121' title='bbox 444 2379 663 2439; x_wconf 83' lang='lat' dir='ltr'>percurremus.</span> <span class='ocrx_word' id='word_1_122' title='bbox 686 2364 733 2424; x_wconf 92' lang='lat' dir='ltr'>Oh</span> <span class='ocrx_word' id='word_1_123' title='bbox 759 2384 880 2443; x_wconf 89' lang='lat' dir='ltr'>semper</span> <span class='ocrx_word' id='word_1_124' title='bbox 903 2374 1009 2429; x_wconf 87' lang='lat' dir='ltr'>nostra</span> 
     </span>
     <span class='ocr_line' id='line_1_19' title="bbox 77 2466 1044 2548; baseline 0.007 -28"><span class='ocrx_word' id='word_1_125' title='bbox 77 2467 187 2527; x_wconf 87' lang='lat' dir='ltr'>natura</span> <span class='ocrx_word' id='word_1_126' title='bbox 203 2486 297 2544; x_wconf 88' lang='lat' dir='ltr'>prona</span> <span class='ocrx_word' id='word_1_127' title='bbox 317 2466 459 2546; x_wconf 89' lang='lat' dir='ltr'>peccatis,</span> <span class='ocrx_word' id='word_1_128' title='bbox 479 2469 519 2529; x_wconf 92' lang='lat' dir='ltr'>oh</span> <span class='ocrx_word' id='word_1_129' title='bbox 534 2471 573 2530; x_wconf 88' lang='lat' dir='ltr'>ab</span> <span class='ocrx_word' id='word_1_130' title='bbox 593 2469 687 2544; x_wconf 91' lang='lat' dir='ltr'>initio,</span> <span class='ocrx_word' id='word_1_131' title='bbox 706 2477 736 2531; x_wconf 90' lang='lat' dir='ltr'>et</span> <span class='ocrx_word' id='word_1_132' title='bbox 751 2491 908 2548; x_wconf 89' lang='lat' dir='ltr'>nunquam</span> <span class='ocrx_word' id='word_1_133' title='bbox 928 2473 1007 2532; x_wconf 88' lang='lat' dir='ltr'>desi·</span> <span class='ocrx_word' id='word_1_134' title='bbox 1027 2482 1044 2527; x_wconf 78' lang='lat' dir='ltr'>s</span> 
     </span>
     <span class='ocr_line' id='line_1_20' title="bbox 78 2574 1007 2654; baseline 0.009 -26"><span class='ocrx_word' id='word_1_135' title='bbox 78 2588 151 2634; x_wconf 87' lang='lat' dir='ltr'>nens</span> <span class='ocrx_word' id='word_1_136' title='bbox 166 2575 363 2654; x_wconf 83' lang='lat' dir='ltr'>nequitatrixt</span> <span class='ocrx_word' id='word_1_137' title='bbox 375 2574 455 2636; x_wconf 91' lang='lat' dir='ltr'>Num</span> <span class='ocrx_word' id='word_1_138' title='bbox 469 2577 566 2637; x_wconf 85' lang='lat' dir='ltr'>fuerat</span> <span class='ocrx_word' id='word_1_139' title='bbox 580 2577 652 2637; x_wconf 86' lang='lat' dir='ltr'>satis</span> <span class='ocrx_word' id='word_1_140' title='bbox 666 2579 705 2637; x_wconf 89' lang='lat' dir='ltr'>ad</span> <span class='ocrx_word' id='word_1_141' title='bbox 723 2578 765 2637; x_wconf 91' lang='lat' dir='ltr'>tui</span> <span class='ocrx_word' id='word_1_142' title='bbox 779 2576 1007 2651; x_wconf 84' lang='lat' dir='ltr'>correctionem,</span> 
     </span>
     <span class='ocr_line' id='line_1_21' title="bbox 81 2681 1008 2761; baseline 0.005 -22"><span class='ocrx_word' id='word_1_143' title='bbox 81 2683 154 2753; x_wconf 90' lang='lat' dir='ltr'>quod</span> <span class='ocrx_word' id='word_1_144' title='bbox 171 2703 226 2761; x_wconf 89' lang='lat' dir='ltr'>per</span> <span class='ocrx_word' id='word_1_145' title='bbox 241 2683 372 2760; x_wconf 90' lang='lat' dir='ltr'>primam</span> <span class='ocrx_word' id='word_1_146' title='bbox 386 2682 660 2760; x_wconf 87' lang='lat' dir='ltr'>praevaricationem</span> <span class='ocrx_word' id='word_1_147' title='bbox 679 2681 821 2742; x_wconf 89' lang='lat' dir='ltr'>elimitata</span> <span class='ocrx_word' id='word_1_148' title='bbox 833 2681 1008 2756; x_wconf 78' lang='lat' dir='ltr'>delitiarum</span> 
     </span>
     <span class='ocr_line' id='line_1_22' title="bbox 80 2786 1009 2865; baseline 0.002 -21"><span class='ocrx_word' id='word_1_149' title='bbox 80 2789 222 2850; x_wconf 86' lang='lat' dir='ltr'>exulabas</span> <span class='ocrx_word' id='word_1_150' title='bbox 240 2809 259 2849; x_wconf 89' lang='lat' dir='ltr'>a</span> <span class='ocrx_word' id='word_1_151' title='bbox 276 2788 398 2851; x_wconf 81' lang='lat' dir='ltr'>Patria?</span> <span class='ocrx_word' id='word_1_152' title='bbox 414 2809 488 2849; x_wconf 89' lang='lat' dir='ltr'>num</span> <span class='ocrx_word' id='word_1_153' title='bbox 500 2787 573 2849; x_wconf 85' lang='lat' dir='ltr'>satis</span> <span class='ocrx_word' id='word_1_154' title='bbox 588 2788 668 2864; x_wconf 90' lang='lat' dir='ltr'>quod</span> <span class='ocrx_word' id='word_1_155' title='bbox 684 2804 739 2865; x_wconf 90' lang='lat' dir='ltr'>per</span> <span class='ocrx_word' id='word_1_156' title='bbox 753 2786 954 2848; x_wconf 87' lang='lat' dir='ltr'>universalem</span> <span class='ocrx_word' id='word_1_157' title='bbox 968 2789 982 2846; x_wconf 88' lang='lat' dir='ltr'><strong>f</strong></span> <span class='ocrx_word' id='word_1_158' title='bbox 998 2821 1009 2832; x_wconf 93' lang='lat'><em>-</em></span> 
     </span>
     <span class='ocr_line' id='line_1_23' title="bbox 80 2892 1007 2969; baseline 0.005 -18"><span class='ocrx_word' id='word_1_159' title='bbox 80 2894 162 2955; x_wconf 83' lang='lat' dir='ltr'>miliae</span> <span class='ocrx_word' id='word_1_160' title='bbox 179 2901 240 2956; x_wconf 89' lang='lat' dir='ltr'>tuae</span> <span class='ocrx_word' id='word_1_161' title='bbox 259 2895 410 2957; x_wconf 87' lang='lat' dir='ltr'>luxuriem</span> <span class='ocrx_word' id='word_1_162' title='bbox 428 2903 457 2957; x_wconf 90' lang='lat' dir='ltr'>et</span> <span class='ocrx_word' id='word_1_163' title='bbox 476 2895 658 2969; x_wconf 88' lang='lat' dir='ltr'>trucitatem,</span> <span class='ocrx_word' id='word_1_164' title='bbox 676 2892 766 2955; x_wconf 86' lang='lat' dir='ltr'>unica</span> <span class='ocrx_word' id='word_1_165' title='bbox 782 2899 936 2955; x_wconf 83' lang='lat' dir='ltr'>reservata</span> <span class='ocrx_word' id='word_1_166' title='bbox 957 2896 1007 2956; x_wconf 91' lang='lat' dir='ltr'>do·</span> 
     </span>
     <span class='ocr_line' id='line_1_24' title="bbox 81 3001 1057 3086; baseline 0.002 -21"><span class='ocrx_word' id='word_1_167' title='bbox 81 3023 139 3079; x_wconf 88' lang='lat' dir='ltr'>rno,</span> <span class='ocrx_word' id='word_1_168' title='bbox 165 3008 308 3086; x_wconf 89' lang='lat' dir='ltr'>quicquid</span> <span class='ocrx_word' id='word_1_169' title='bbox 339 3007 384 3066; x_wconf 88' lang='lat' dir='ltr'>tui</span> <span class='ocrx_word' id='word_1_170' title='bbox 404 3005 479 3084; x_wconf 85' lang='lat' dir='ltr'>juris</span> <span class='ocrx_word' id='word_1_171' title='bbox 505 3011 569 3066; x_wconf 86' lang='lat' dir='ltr'>erat</span> <span class='ocrx_word' id='word_1_172' title='bbox 597 3006 777 3083; x_wconf 84' lang='lat' dir='ltr'>cataclysmo</span> <span class='ocrx_word' id='word_1_173' title='bbox 804 3001 949 3082; x_wconf 87' lang='lat' dir='ltr'>perierat,</span> <span class='ocrx_word' id='word_1_174' title='bbox 978 3013 1007 3067; x_wconf 91' lang='lat' dir='ltr'>et</span> <span class='ocrx_word' id='word_1_175' title='bbox 1026 3011 1057 3060; x_wconf 82' lang='lat'>10</span> 
     </span>
     <span class='ocr_line' id='line_1_25' title="bbox 81 3107 1008 3202; baseline -0.002 -30"><span class='ocrx_word' id='word_1_176' title='bbox 81 3129 180 3186; x_wconf 75' lang='lat' dir='ltr'>penas</span> <span class='ocrx_word' id='word_1_177' title='bbox 198 3115 362 3184; x_wconf 89' lang='lat' dir='ltr'>malorum,</span> <span class='ocrx_word' id='word_1_178' title='bbox 380 3131 447 3202; x_wconf 77' lang='lat' dir='ltr'>quae</span> <span class='ocrx_word' id='word_1_179' title='bbox 463 3108 655 3172; x_wconf 87' lang='lat' dir='ltr'>commiseras</span> <span class='ocrx_word' id='word_1_180' title='bbox 671 3117 718 3183; x_wconf 91' lang='lat' dir='ltr'>tu,</span> <span class='ocrx_word' id='word_1_181' title='bbox 732 3107 872 3170; x_wconf 87' lang='lat' dir='ltr'>animalia</span> <span class='ocrx_word' id='word_1_182' title='bbox 885 3108 1008 3187; x_wconf 88' lang='lat' dir='ltr'>caelique</span> 
     </span>
     <span class='ocr_line' id='line_1_26' title="bbox 81 3217 1008 3301; baseline 0 -23"><span class='ocrx_word' id='word_1_183' title='bbox 81 3226 222 3300; x_wconf 87' lang='lat' dir='ltr'>terraeque</span> <span class='ocrx_word' id='word_1_184' title='bbox 237 3225 303 3301; x_wconf 86' lang='lat' dir='ltr'>jam</span> <span class='ocrx_word' id='word_1_185' title='bbox 318 3223 458 3282; x_wconf 78' lang='lat' dir='ltr'>lucrant?</span> <span class='ocrx_word' id='word_1_186' title='bbox 476 3220 591 3298; x_wconf 89' lang='lat' dir='ltr'>Quippe</span> <span class='ocrx_word' id='word_1_187' title='bbox 606 3217 678 3278; x_wconf 90' lang='lat' dir='ltr'>satis</span> <span class='ocrx_word' id='word_1_188' title='bbox 695 3218 846 3292; x_wconf 88' lang='lat' dir='ltr'>extiterat;</span> <span class='ocrx_word' id='word_1_189' title='bbox 861 3217 916 3277; x_wconf 89' lang='lat' dir='ltr'>sed</span> <span class='ocrx_word' id='word_1_190' title='bbox 934 3218 1008 3278; x_wconf 89' lang='lat' dir='ltr'>siout</span> 
     </span>
     <span class='ocr_line' id='line_1_27' title="bbox 81 3323 1006 3402; baseline -0.003 -16"><span class='ocrx_word' id='word_1_191' title='bbox 81 3327 304 3399; x_wconf 84' lang='lat' dir='ltr'>proverbialiter</span> <span class='ocrx_word' id='word_1_192' title='bbox 318 3325 373 3386; x_wconf 89' lang='lat' dir='ltr'>dici</span> <span class='ocrx_word' id='word_1_193' title='bbox 387 3326 474 3386; x_wconf 84' lang='lat' dir='ltr'>solet:</span> <span class='ocrx_word' id='word_1_194' title='bbox 493 3325 585 3385; x_wconf 76' lang='lat' dir='ltr'>«Non</span> <span class='ocrx_word' id='word_1_195' title='bbox 598 3331 668 3384; x_wconf 87' lang='lat' dir='ltr'>ante</span> <span class='ocrx_word' id='word_1_196' title='bbox 681 3324 803 3386; x_wconf 89' lang='lat' dir='ltr'>tertium</span> <span class='ocrx_word' id='word_1_197' title='bbox 817 3323 976 3402; x_wconf 89' lang='lat' dir='ltr'>equitabis,</span> <span class='ocrx_word' id='word_1_198' title='bbox 991 3347 1006 3378; x_wconf 70' lang='lat' dir='ltr'>s</span> 
     </span>
     <span class='ocr_line' id='line_1_28' title="bbox 80 3431 1008 3510; baseline -0.003 -19"><span class='ocrx_word' id='word_1_199' title='bbox 80 3432 187 3496; x_wconf 88' lang='lat' dir='ltr'>misera</span> <span class='ocrx_word' id='word_1_200' title='bbox 207 3437 356 3496; x_wconf 90' lang='lat' dir='ltr'>miserum</span> <span class='ocrx_word' id='word_1_201' title='bbox 381 3433 482 3494; x_wconf 86' lang='lat' dir='ltr'>venire</span> <span class='ocrx_word' id='word_1_202' title='bbox 501 3431 633 3494; x_wconf 90' lang='lat' dir='ltr'>maluisti</span> <span class='ocrx_word' id='word_1_203' title='bbox 653 3433 691 3492; x_wconf 92' lang='lat' dir='ltr'>ad</span> <span class='ocrx_word' id='word_1_204' title='bbox 712 3451 832 3510; x_wconf 88' lang='lat' dir='ltr'>equum.</span> <span class='ocrx_word' id='word_1_205' title='bbox 854 3431 948 3505; x_wconf 88' lang='lat' dir='ltr'>Ecce,</span> <span class='ocrx_word' id='word_1_206' title='bbox 968 3431 1008 3489; x_wconf 93' lang='lat' dir='ltr'>le·</span> 
     </span>
     <span class='ocr_line' id='line_1_29' title="bbox 80 3537 1057 3619; baseline -0.002 -21"><span class='ocrx_word' id='word_1_207' title='bbox 80 3543 150 3614; x_wconf 83' lang='lat' dir='ltr'>ctor,</span> <span class='ocrx_word' id='word_1_208' title='bbox 169 3541 252 3617; x_wconf 88' lang='lat' dir='ltr'>quod</span> <span class='ocrx_word' id='word_1_209' title='bbox 268 3539 318 3602; x_wconf 82' lang='lat' dir='ltr'>rel</span> <span class='ocrx_word' id='word_1_210' title='bbox 335 3538 443 3601; x_wconf 87' lang='lat' dir='ltr'>oblitus</span> <span class='ocrx_word' id='word_1_211' title='bbox 458 3541 563 3615; x_wconf 90' lang='lat' dir='ltr'>homo,</span> <span class='ocrx_word' id='word_1_212' title='bbox 582 3539 628 3602; x_wconf 88' lang='lat' dir='ltr'>vel</span> <span class='ocrx_word' id='word_1_213' title='bbox 641 3539 825 3619; x_wconf 89' lang='lat' dir='ltr'>vilipendeus</span> <span class='ocrx_word' id='word_1_214' title='bbox 842 3537 1009 3616; x_wconf 88' lang='lat' dir='ltr'>disciplinas</span> <span class='ocrx_word' id='word_1_215' title='bbox 1028 3551 1057 3596; x_wconf 74' lang='lat'>15</span> 
     </span>
    </p>
   </div>
   <div class='ocr_carea' id='block_1_7' title="bbox 0 0 1293 4022">
    <p class='ocr_par' dir='ltr' id='par_1_8' title="bbox 0 0 1293 4022">
     <span class='ocr_line' id='line_1_30' title="bbox 0 0 1293 4022; baseline 0 0"><span class='ocrx_word' id='word_1_216' title='bbox 0 0 1293 4022; x_wconf 95' lang='lat' dir='ltr'> </span> 
     </span>
    </p>
   </div>
  </div>
 </body>
</html>
