2560 4022
182 175 241 256 ‚40
340 179 343 188 ’
476 186 513 227 nn
531 183 657 240 vuscani
675 175 866 231 nuoousnrn.

209 338 242 380 se
260 319 297 378 ad
310 297 428 379 curiale
441 318 570 396 Vulgare
584 317 704 390 direxit3
719 315 937 392 Bonagiuntam
952 315 1136 385 Lucensem,

209 421 325 482 Gallum
343 422 498 494 Pisanum,
516 419 630 480 lilinum
646 420 796 480 Mocatum
812 419 994 494 Senensem,
1012 424 1043 481 et
1062 419 1137 480 Bru·

209 532 314 589 netum
330 527 549 602 Florentinum
568 545 695 603 quorum
712 525 802 600 dicta,
821 524 846 587 si
859 525 962 590 rimari
973 527 1137 600 vacaverit,

209 656 270 697 non
296 634 429 709 curialia,
459 636 513 696 sed
533 631 720 711 municipalia
740 637 859 694 tantum
879 633 1076 695 invenientur.
1098 635 1137 694 Et

162 757 190 802 ro
210 741 352 820 quoniam
372 739 462 802 Tusci
481 759 543 818 prae
564 738 628 800 aliis
644 739 675 800 in
691 739 749 799 hac
767 737 910 800 ebrietate
930 739 1136 812 bacchantur,

210 848 343 926 dignum,
365 847 495 925 utileque
514 846 630 908 ridetur
649 846 838 925 municipalia
862 847 1000 924 Vulgaria
1026 848 1139 909 Tusca·

210 975 319 1015 norum
339 953 509 1032 singulatim
521 952 553 1014 in
567 954 665 1032 aliquo
680 956 871 1033 depompare.
885 955 1062 1032 Loquuntur
1072 955 1139 1016 Flo·

213 1058 334 1132 rentini,
353 1063 383 1118 et
399 1057 511 1119 dicunt:
825 1065 827 1070 '

373 1193 590 1250 ullanuchiamo
605 1195 766 1266 introcque:

165 1305 192 1350 tt
394 1291 458 1348 Non
472 1291 602 1346 lacciamc
616 1291 695 1346 altro.
707 1308 720 1345 u

213 1416 325 1478 Pisani:

371 1519 431 1576 «Se
445 1534 482 1574 nc
497 1519 626 1574 andonnc
642 1519 662 1574 li
676 1519 745 1574 fanti
760 1519 789 1574 di
803 1519 936 1575 Floransa
950 1535 1001 1590 per
1016 1519 1106 1574 Pisa.»

215 1649 383 1708 Lucenses:

233 1784 295 1839 cl'o
312 1789 374 1840 voto
390 1801 406 1839 a
420 1785 486 1852 Dio,
503 1785 554 1840 che
570 1785 599 1841 in
614 1801 726 1858 gassara
741 1785 782 1841 eie
797 1786 824 1840 lo
841 1801 960 1840 comuno
976 1787 1011 1841 de
1021 1785 1105 1841 Luca.
1118 1805 1131 1838 »

168 1938 197 1982 rc
216 1927 378 1988 Senenses:

376 2051 495 2106 «Onche
508 2053 633 2122 rinegata
647 2069 741 2110 avesse
756 2055 783 2110 io
798 2055 915 2111 Siena.»

217 2181 344 2243 Aretini:

378 2309 452 2364 «Vo'
463 2316 494 2365 tu
512 2311 608 2365 venire
627 2311 668 2365 ον’
679 2311 742 2366 elle.
755 2329 768 2365 u

218 2439 260 2498 De
277 2439 413 2514 Perusio,
432 2441 513 2502 Urbe
530 2443 642 2517 Veteri,
657 2445 798 2519 Viterbio,
817 2465 873 2507 nec
888 2465 949 2508 non
964 2449 1001 2508 de
1020 2447 1144 2507 Ciuitate
1201 2497 1203 2501 .

170 2553 199 2598 ‘26
218 2545 388 2607 Castellana
405 2553 527 2626 propter
543 2550 740 2626 adfinitatem,
759 2573 852 2630 qnam
869 2572 939 2613 cum
955 2552 1098 2613 Romanis
1116 2558 1144 2612 et

219 2653 385 2732 Spoletanis
400 2654 523 2729 habent,
540 2654 611 2716 nihil
624 2661 754 2718 tractare
767 2655 958 2716 intendimus.
971 2653 1031 2715 Sed
1044 2671 1145 2732 quarn·

219 2777 311 2836 quam
328 2759 390 2820 fere
408 2779 513 2820 omnes
531 2760 621 2820 Tusci
637 2761 668 2820 in
685 2781 739 2822 suo
757 2761 935 2839 turpiloquio
953 2760 1013 2822 sint
1034 2758 1144 2832 obtusi,

220 2868 378 2929 nonnullos
399 2866 534 2944 Vulgaris
557 2859 765 2926 excellentiam
785 2864 959 2943 cognovisse
980 2863 1144 2933 sensimus,

221 2978 331 3038 seilicet
352 2977 533 3048 Guidonem,
561 2975 692 3052 Lapum,
718 2979 749 3033 et
775 2991 870 3032 unum
897 2970 1001 3043 alium,
1027 2969 1144 3034 Floren-

172 3091 200 3135 50
220 3083 316 3155 tinos,
348 3090 377 3143 et
408 3081 516 3142 Cinum
541 3079 769 3151 Pistoriensem,
800 3095 891 3154 quem
917 3093 998 3136 nunc
1028 3073 1146 3150 indigne

221 3187 445 3268 postponimus,
467 3205 529 3246 non
549 3184 668 3262 indigne
692 3184 795 3246 coacti.
818 3184 922 3260 ltaque
935 3181 969 3264 ,si
992 3180 1145 3241 Tuscanas

222 3290 428 3352 examinemus
442 3289 593 3366 loquelas,
611 3306 854 3366 compensemus
870 3287 994 3364 qualiter
1007 3286 1060 3347 viri
1076 3305 1146 3366 prae-

222 3393 358 3455 honorati
383 3413 401 3456 a
422 3393 544 3474 propria
570 3395 767 3470 diverterunt,
789 3415 851 3456 non
871 3401 965 3457 restat
985 3395 1016 3456 in
1042 3394 1145 3468 dubio,

223 3502 294 3580 quin
320 3500 400 3564 aliud
426 3501 464 3564 sit
483 3503 622 3582 Vulgare,
651 3503 730 3581 quod
756 3501 931 3580 quaerimus,
954 3521 1046 3581 quam
1069 3503 1147 3579 quod
