<?xml version="1.0" encoding="UTF-8"?>
<!DOCTYPE html PUBLIC "-//W3C//DTD XHTML 1.0 Transitional//EN"
    "http://www.w3.org/TR/xhtml1/DTD/xhtml1-transitional.dtd">
<html xmlns="http://www.w3.org/1999/xhtml" xml:lang="en" lang="en">
 <head>
  <title>
</title>
<meta http-equiv="Content-Type" content="text/html;charset=utf-8" />
  <meta name='ocr-system' content='tesseract 3.04.00' />
  <meta name='ocr-capabilities' content='ocr_page ocr_carea ocr_par ocr_line ocrx_word'/>
</head>
<body>
  <div class='ocr_page' id='page_1' title='image "./operelatine00giulgoog_0062.png"; bbox 0 0 2560 4022; ppageno 0'>
   <div class='ocr_carea' id='block_1_1' title="bbox 468 219 1045 274">
    <p class='ocr_par' dir='ltr' id='par_1_1' title="bbox 468 219 1045 274">
     <span class='ocr_line' id='line_1_1' title="bbox 468 219 1045 274; baseline 0 -7"><span class='ocrx_word' id='word_1_1' title='bbox 468 228 553 270; x_wconf 82' lang='lat' dir='ltr'>LIBER</span> <span class='ocrx_word' id='word_1_2' title='bbox 572 229 692 274; x_wconf 72' lang='lat' dir='ltr'>Fatuus.</span> <span class='ocrx_word' id='word_1_3' title='bbox 1010 219 1045 273; x_wconf 75' lang='grc'>43</span> 
     </span>
    </p>
   </div>
   <div class='ocr_carea' id='block_1_2' title="bbox 111 360 1109 3203">
    <p class='ocr_par' dir='ltr' id='par_1_2' title="bbox 111 360 1107 3111">
     <span class='ocr_line' id='line_1_2' title="bbox 111 360 1042 442; baseline 0.002 -18"><span class='ocrx_word' id='word_1_4' title='bbox 111 363 240 442; x_wconf 87' lang='lat' dir='ltr'>quentiae</span> <span class='ocrx_word' id='word_1_5' title='bbox 260 364 304 422; x_wconf 88' lang='lat' dir='ltr'>vir</span> <span class='ocrx_word' id='word_1_6' title='bbox 322 360 456 421; x_wconf 80' lang='lat' dir='ltr'><strong>existens</strong></span> <span class='ocrx_word' id='word_1_7' title='bbox 472 381 533 421; x_wconf 91' lang='lat' dir='ltr'>non</span> <span class='ocrx_word' id='word_1_8' title='bbox 549 362 647 423; x_wconf 88' lang='lat' dir='ltr'>solum</span> <span class='ocrx_word' id='word_1_9' title='bbox 663 362 694 423; x_wconf 92' lang='lat' dir='ltr'>in</span> <span class='ocrx_word' id='word_1_10' title='bbox 714 366 877 442; x_wconf 88' lang='lat' dir='ltr'>poetando‚</span> <span class='ocrx_word' id='word_1_11' title='bbox 895 365 949 426; x_wconf 89' lang='lat' dir='ltr'>sed</span> <span class='ocrx_word' id='word_1_12' title='bbox 971 383 1042 442; x_wconf 87' lang='lat' dir='ltr'>quo·</span> 
     </span>
     <span class='ocr_line' id='line_1_3' title="bbox 111 466 1091 545; baseline 0.002 -15"><span class='ocrx_word' id='word_1_13' title='bbox 111 468 273 530; x_wconf 88' lang='lat' dir='ltr'>modolibet</span> <span class='ocrx_word' id='word_1_14' title='bbox 298 466 468 543; x_wconf 85' lang='lat' dir='ltr'>loquendo,</span> <span class='ocrx_word' id='word_1_15' title='bbox 496 466 625 544; x_wconf 91' lang='lat' dir='ltr'>patrium</span> <span class='ocrx_word' id='word_1_16' title='bbox 645 468 773 545; x_wconf 83' lang='lat' dir='ltr'>Vulgare</span> <span class='ocrx_word' id='word_1_17' title='bbox 794 471 934 530; x_wconf 89' lang='lat' dir='ltr'>deseruit.</span> <span class='ocrx_word' id='word_1_18' title='bbox 960 469 1091 532; x_wconf 81' lang='lat' dir='ltr'>Acci-10</span> 
     </span>
     <span class='ocr_line' id='line_1_4' title="bbox 111 576 1044 660; baseline -0.003 -18"><span class='ocrx_word' id='word_1_19' title='bbox 111 581 191 660; x_wconf 92' lang='lat' dir='ltr'>piunt</span> <span class='ocrx_word' id='word_1_20' title='bbox 200 578 298 640; x_wconf 90' lang='lat' dir='ltr'>etiam</span> <span class='ocrx_word' id='word_1_21' title='bbox 309 576 425 655; x_wconf 86' lang='lat' dir='ltr'>praefati</span> <span class='ocrx_word' id='word_1_22' title='bbox 434 576 512 637; x_wconf 87' lang='lat' dir='ltr'>cives</span> <span class='ocrx_word' id='word_1_23' title='bbox 526 579 564 637; x_wconf 88' lang='lat' dir='ltr'>ab</span> <span class='ocrx_word' id='word_1_24' title='bbox 578 578 776 638; x_wconf 91' lang='lat' dir='ltr'>lmolensibus</span> <span class='ocrx_word' id='word_1_25' title='bbox 789 577 943 638; x_wconf 76' lang='lat' dir='ltr'>lenitatem</span> <span class='ocrx_word' id='word_1_26' title='bbox 953 581 1044 655; x_wconf 89' lang='lat' dir='ltr'>atque</span> 
     </span>
     <span class='ocr_line' id='line_1_5' title="bbox 111 681 1045 759; baseline -0.004 -11"><span class='ocrx_word' id='word_1_27' title='bbox 111 686 281 759; x_wconf 87' lang='lat' dir='ltr'>mollitiem,</span> <span class='ocrx_word' id='word_1_28' title='bbox 305 704 323 744; x_wconf 90' lang='lat' dir='ltr'>a</span> <span class='ocrx_word' id='word_1_29' title='bbox 343 681 582 744; x_wconf 86' lang='lat' dir='ltr'>Ferrariensibus</span> <span class='ocrx_word' id='word_1_30' title='bbox 607 703 677 744; x_wconf 84' lang='lat' dir='ltr'>vero</span> <span class='ocrx_word' id='word_1_31' title='bbox 704 691 733 744; x_wconf 88' lang='lat' dir='ltr'>ct</span> <span class='ocrx_word' id='word_1_32' title='bbox 753 682 970 744; x_wconf 82' lang='lat' dir='ltr'>Mutinensibus</span> <span class='ocrx_word' id='word_1_33' title='bbox 994 684 1045 744; x_wconf 90' lang='lat' dir='ltr'>ali·</span> 
     </span>
     <span class='ocr_line' id='line_1_6' title="bbox 113 790 1046 871; baseline -0.004 -17"><span class='ocrx_word' id='word_1_34' title='bbox 113 795 231 871; x_wconf 84' lang='lat' dir='ltr'>qualem</span> <span class='ocrx_word' id='word_1_35' title='bbox 251 790 471 870; x_wconf 81' lang='lat' dir='ltr'>garrulitatem,</span> <span class='ocrx_word' id='word_1_36' title='bbox 495 809 562 868; x_wconf 90' lang='lat' dir='ltr'>quae</span> <span class='ocrx_word' id='word_1_37' title='bbox 586 792 707 869; x_wconf 87' lang='lat' dir='ltr'>propria</span> <span class='ocrx_word' id='word_1_38' title='bbox 729 791 970 853; x_wconf 81' lang='lat' dir='ltr'>bombardorum</span> <span class='ocrx_word' id='word_1_39' title='bbox 992 795 1046 852; x_wconf 85' lang='lat' dir='ltr'>cst.</span> 
     </span>
     <span class='ocr_line' id='line_1_7' title="bbox 113 896 1046 975; baseline -0.001 -14"><span class='ocrx_word' id='word_1_40' title='bbox 113 901 196 961; x_wconf 90' lang='lat' dir='ltr'>Hanc</span> <span class='ocrx_word' id='word_1_41' title='bbox 212 919 251 959; x_wconf 87' lang='lat' dir='ltr'>ex</span> <span class='ocrx_word' id='word_1_42' title='bbox 270 896 484 958; x_wconf 82' lang='lat' dir='ltr'>commixtione</span> <span class='ocrx_word' id='word_1_43' title='bbox 503 899 688 958; x_wconf 87' lang='lat' dir='ltr'>advenarum</span> <span class='ocrx_word' id='word_1_44' title='bbox 704 898 970 975; x_wconf 88' lang='lat' dir='ltr'>Longobardorum</span> <span class='ocrx_word' id='word_1_45' title='bbox 991 903 1046 960; x_wconf 87' lang='lat' dir='ltr'>ter-</span> 
     </span>
     <span class='ocr_line' id='line_1_8' title="bbox 115 1003 1095 1086; baseline 0.003 -20"><span class='ocrx_word' id='word_1_46' title='bbox 115 1006 221 1082; x_wconf 88' lang='lat' dir='ltr'>rigenis</span> <span class='ocrx_word' id='word_1_47' title='bbox 242 1003 398 1066; x_wconf 88' lang='lat' dir='ltr'>credimus</span> <span class='ocrx_word' id='word_1_48' title='bbox 419 1004 616 1078; x_wconf 82' lang='lat' dir='ltr'>remansisse3</span> <span class='ocrx_word' id='word_1_49' title='bbox 637 1010 667 1065; x_wconf 93' lang='lat' dir='ltr'>et</span> <span class='ocrx_word' id='word_1_50' title='bbox 683 1007 748 1066; x_wconf 89' lang='lat' dir='ltr'>haec</span> <span class='ocrx_word' id='word_1_51' title='bbox 765 1012 810 1066; x_wconf 89' lang='lat' dir='ltr'>est</span> <span class='ocrx_word' id='word_1_52' title='bbox 828 1026 932 1080; x_wconf 90' lang='lat' dir='ltr'>causa,</span> <span class='ocrx_word' id='word_1_53' title='bbox 955 1023 1095 1086; x_wconf 78' lang='lat' dir='ltr'>quarela</span> 
     </span>
     <span class='ocr_line' id='line_1_9' title="bbox 117 1110 1049 1189; baseline 0.003 -20"><span class='ocrx_word' id='word_1_54' title='bbox 117 1111 367 1185; x_wconf 82' lang='lat' dir='ltr'>Ferrariensium,</span> <span class='ocrx_word' id='word_1_55' title='bbox 396 1110 621 1183; x_wconf 90' lang='lat' dir='ltr'>Mutinensium,</span> <span class='ocrx_word' id='word_1_56' title='bbox 647 1110 693 1170; x_wconf 89' lang='lat' dir='ltr'>vel</span> <span class='ocrx_word' id='word_1_57' title='bbox 710 1111 912 1189; x_wconf 88' lang='lat' dir='ltr'>Regianorum</span> <span class='ocrx_word' id='word_1_58' title='bbox 934 1113 1049 1172; x_wconf 90' lang='lat' dir='ltr'>nullum</span> 
     </span>
     <span class='ocr_line' id='line_1_10' title="bbox 116 1217 1048 1295; baseline 0.002 -17"><span class='ocrx_word' id='word_1_59' title='bbox 116 1217 283 1278; x_wconf 83' lang='lat' dir='ltr'>invenimus</span> <span class='ocrx_word' id='word_1_60' title='bbox 297 1221 450 1295; x_wconf 88' lang='lat' dir='ltr'>poetasse.</span> <span class='ocrx_word' id='word_1_61' title='bbox 464 1217 542 1277; x_wconf 92' lang='lat' dir='ltr'>Nam</span> <span class='ocrx_word' id='word_1_62' title='bbox 556 1217 682 1294; x_wconf 87' lang='lat' dir='ltr'>propriae</span> <span class='ocrx_word' id='word_1_63' title='bbox 699 1218 861 1294; x_wconf 81' lang='lat' dir='ltr'>garrulitati</span> <span class='ocrx_word' id='word_1_64' title='bbox 875 1219 1048 1293; x_wconf 85' lang='lat' dir='ltr'>assuefacti,</span> 
     </span>
     <span class='ocr_line' id='line_1_11' title="bbox 116 1323 1051 1404; baseline 0.003 -20"><span class='ocrx_word' id='word_1_65' title='bbox 116 1325 195 1384; x_wconf 92' lang='lat' dir='ltr'>nullo</span> <span class='ocrx_word' id='word_1_66' title='bbox 212 1325 307 1384; x_wconf 90' lang='lat' dir='ltr'>modo</span> <span class='ocrx_word' id='word_1_67' title='bbox 326 1329 455 1400; x_wconf 89' lang='lat' dir='ltr'>possunt</span> <span class='ocrx_word' id='word_1_68' title='bbox 471 1324 510 1382; x_wconf 92' lang='lat' dir='ltr'>ad</span> <span class='ocrx_word' id='word_1_69' title='bbox 523 1323 650 1398; x_wconf 86' lang='lat' dir='ltr'>Vulgare</span> <span class='ocrx_word' id='word_1_70' title='bbox 666 1323 817 1397; x_wconf 89' lang='lat' dir='ltr'>Aulicum,</span> <span class='ocrx_word' id='word_1_71' title='bbox 835 1325 900 1385; x_wconf 88' lang='lat' dir='ltr'>sine</span> <span class='ocrx_word' id='word_1_72' title='bbox 919 1329 1051 1404; x_wconf 90' lang='lat' dir='ltr'>quadam</span> 
     </span>
     <span class='ocr_line' id='line_1_12' title="bbox 117 1428 1048 1506; baseline 0.002 -15"><span class='ocrx_word' id='word_1_73' title='bbox 117 1431 281 1491; x_wconf 87' lang='lat' dir='ltr'>acerbitate</span> <span class='ocrx_word' id='word_1_74' title='bbox 302 1429 420 1502; x_wconf 80' lang='lat' dir='ltr'>renire3</span> <span class='ocrx_word' id='word_1_75' title='bbox 442 1429 522 1506; x_wconf 92' lang='lat' dir='ltr'>quod</span> <span class='ocrx_word' id='word_1_76' title='bbox 542 1429 636 1490; x_wconf 91' lang='lat' dir='ltr'>multo</span> <span class='ocrx_word' id='word_1_77' title='bbox 656 1428 752 1506; x_wconf 88' lang='lat' dir='ltr'>magis</span> <span class='ocrx_word' id='word_1_78' title='bbox 772 1431 810 1490; x_wconf 92' lang='lat' dir='ltr'>de</span> <span class='ocrx_word' id='word_1_79' title='bbox 829 1431 1048 1493; x_wconf 89' lang='lat' dir='ltr'>Parmensibus</span> 
     </span>
     <span class='ocr_line' id='line_1_13' title="bbox 119 1533 1102 1614; baseline 0.003 -18"><span class='ocrx_word' id='word_1_80' title='bbox 119 1543 164 1596; x_wconf 89' lang='lat' dir='ltr'>est</span> <span class='ocrx_word' id='word_1_81' title='bbox 179 1536 364 1613; x_wconf 86' lang='lat' dir='ltr'>putandum,</span> <span class='ocrx_word' id='word_1_82' title='bbox 384 1533 434 1610; x_wconf 91' lang='lat' dir='ltr'>qui</span> <span class='ocrx_word' id='word_1_83' title='bbox 451 1541 543 1593; x_wconf 85' lang='lat' dir='ltr'>monto</span> <span class='ocrx_word' id='word_1_84' title='bbox 560 1537 713 1611; x_wconf 78' lang='lat' dir='ltr'>prometto</span> <span class='ocrx_word' id='word_1_85' title='bbox 731 1537 840 1596; x_wconf 89' lang='lat' dir='ltr'>dicunt.</span> <span class='ocrx_word' id='word_1_86' title='bbox 858 1537 888 1596; x_wconf 91' lang='lat' dir='ltr'>Si</span> <span class='ocrx_word' id='word_1_87' title='bbox 906 1557 978 1614; x_wconf 88' lang='lat' dir='ltr'>ergo</span> <span class='ocrx_word' id='word_1_88' title='bbox 999 1539 1053 1600; x_wconf 92' lang='lat' dir='ltr'>Bo·</span> <span class='ocrx_word' id='word_1_89' title='bbox 1073 1543 1102 1588; x_wconf 74' lang='lat'>20</span> 
     </span>
     <span class='ocr_line' id='line_1_14' title="bbox 119 1636 1052 1717; baseline 0.012 -21"><span class='ocrx_word' id='word_1_90' title='bbox 119 1637 281 1698; x_wconf 90' lang='lat' dir='ltr'>nonienses</span> <span class='ocrx_word' id='word_1_91' title='bbox 293 1636 436 1714; x_wconf 89' lang='lat' dir='ltr'>utrinque</span> <span class='ocrx_word' id='word_1_92' title='bbox 450 1637 611 1716; x_wconf 84' lang='lat' dir='ltr'>accipiunt,</span> <span class='ocrx_word' id='word_1_93' title='bbox 625 1645 659 1699; x_wconf 90' lang='lat' dir='ltr'>ut</span> <span class='ocrx_word' id='word_1_94' title='bbox 676 1641 788 1702; x_wconf 91' lang='lat' dir='ltr'>dictum</span> <span class='ocrx_word' id='word_1_95' title='bbox 805 1649 863 1717; x_wconf 88' lang='lat' dir='ltr'>est,</span> <span class='ocrx_word' id='word_1_96' title='bbox 877 1644 1052 1707; x_wconf 85' lang='lat' dir='ltr'>rationabile</span> 
     </span>
     <span class='ocr_line' id='line_1_15' title="bbox 122 1745 1053 1824; baseline 0.009 -20"><span class='ocrx_word' id='word_1_97' title='bbox 122 1745 239 1804; x_wconf 85' lang='lat' dir='ltr'>videtur</span> <span class='ocrx_word' id='word_1_98' title='bbox 267 1763 347 1818; x_wconf 89' lang='lat' dir='ltr'>esse,</span> <span class='ocrx_word' id='word_1_99' title='bbox 376 1745 456 1820; x_wconf 90' lang='lat' dir='ltr'>quod</span> <span class='ocrx_word' id='word_1_100' title='bbox 481 1765 586 1805; x_wconf 90' lang='lat' dir='ltr'>eorum</span> <span class='ocrx_word' id='word_1_101' title='bbox 605 1746 715 1806; x_wconf 89' lang='lat' dir='ltr'>locutio</span> <span class='ocrx_word' id='word_1_102' title='bbox 736 1767 790 1824; x_wconf 83' lang='lat' dir='ltr'>per</span> <span class='ocrx_word' id='word_1_103' title='bbox 811 1751 1053 1812; x_wconf 84' lang='lat' dir='ltr'>commixtionem</span> 
     </span>
     <span class='ocr_line' id='line_1_16' title="bbox 124 1850 1056 1931; baseline 0.002 -19"><span class='ocrx_word' id='word_1_104' title='bbox 124 1851 345 1931; x_wconf 89' lang='lat' dir='ltr'>oppositorum,</span> <span class='ocrx_word' id='word_1_105' title='bbox 363 1860 396 1912; x_wconf 95' lang='lat' dir='ltr'>ut</span> <span class='ocrx_word' id='word_1_106' title='bbox 413 1851 526 1912; x_wconf 87' lang='lat' dir='ltr'>dictum</span> <span class='ocrx_word' id='word_1_107' title='bbox 544 1855 603 1924; x_wconf 85' lang='lat' dir='ltr'>est,</span> <span class='ocrx_word' id='word_1_108' title='bbox 622 1851 661 1911; x_wconf 91' lang='lat' dir='ltr'>ad</span> <span class='ocrx_word' id='word_1_109' title='bbox 676 1850 857 1911; x_wconf 86' lang='lat' dir='ltr'>laudabilem</span> <span class='ocrx_word' id='word_1_110' title='bbox 879 1853 1056 1914; x_wconf 88' lang='lat' dir='ltr'>suavitatem</span> 
     </span>
     <span class='ocr_line' id='line_1_17' title="bbox 124 1945 1055 2040; baseline 0.003 -21"><span class='ocrx_word' id='word_1_111' title='bbox 124 1945 279 2021; x_wconf 83' lang='lat' dir='ltr'>remaneat</span> <span class='ocrx_word' id='word_1_112' title='bbox 294 1966 475 2038; x_wconf 90' lang='lat' dir='ltr'>temperata:</span> <span class='ocrx_word' id='word_1_113' title='bbox 493 1962 573 2037; x_wconf 92' lang='lat' dir='ltr'>quod</span> <span class='ocrx_word' id='word_1_114' title='bbox 589 1961 694 2038; x_wconf 89' lang='lat' dir='ltr'>procul</span> <span class='ocrx_word' id='word_1_115' title='bbox 711 1958 801 2021; x_wconf 91' lang='lat' dir='ltr'>dubio</span> <span class='ocrx_word' id='word_1_116' title='bbox 824 1968 928 2022; x_wconf 90' lang='lat' dir='ltr'>nostro</span> <span class='ocrx_word' id='word_1_117' title='bbox 946 1960 1055 2040; x_wconf 87' lang='lat' dir='ltr'>judicio</span> 
     </span>
     <span class='ocr_line' id='line_1_18' title="bbox 124 2053 1103 2147; baseline 0.001 -18"><span class='ocrx_word' id='word_1_118' title='bbox 124 2069 166 2129; x_wconf 87' lang='lat' dir='ltr'>sic</span> <span class='ocrx_word' id='word_1_119' title='bbox 185 2089 254 2130; x_wconf 90' lang='lat' dir='ltr'>esse</span> <span class='ocrx_word' id='word_1_120' title='bbox 279 2086 451 2130; x_wconf 89' lang='lat' dir='ltr'>censemus.</span> <span class='ocrx_word' id='word_1_121' title='bbox 471 2068 516 2128; x_wconf 89' lang='lat' dir='ltr'>lta</span> <span class='ocrx_word' id='word_1_122' title='bbox 536 2053 789 2146; x_wconf 75' lang='lat' dir='ltr'>si&#39;praeponentes</span> <span class='ocrx_word' id='word_1_123' title='bbox 813 2089 865 2130; x_wconf 89' lang='lat' dir='ltr'>eos</span> <span class='ocrx_word' id='word_1_124' title='bbox 887 2069 918 2130; x_wconf 93' lang='lat' dir='ltr'>in</span> <span class='ocrx_word' id='word_1_125' title='bbox 939 2069 1057 2147; x_wconf 87' lang='lat' dir='ltr'>Vulgari</span> <span class='ocrx_word' id='word_1_126' title='bbox 1077 2094 1103 2138; x_wconf 73' lang='lat'>25</span> 
     </span>
     <span class='ocr_line' id='line_1_19' title="bbox 126 2175 1056 2260; baseline -0.002 -18"><span class='ocrx_word' id='word_1_127' title='bbox 126 2201 278 2255; x_wconf 88' lang='lat' dir='ltr'>sermone,</span> <span class='ocrx_word' id='word_1_128' title='bbox 296 2182 361 2243; x_wconf 89' lang='lat' dir='ltr'>sola</span> <span class='ocrx_word' id='word_1_129' title='bbox 382 2177 570 2258; x_wconf 87' lang='lat' dir='ltr'>municipalia</span> <span class='ocrx_word' id='word_1_130' title='bbox 586 2177 762 2238; x_wconf 89' lang='lat' dir='ltr'>Latinorum</span> <span class='ocrx_word' id='word_1_131' title='bbox 782 2179 921 2256; x_wconf 90' lang='lat' dir='ltr'>Vulgaria</span> <span class='ocrx_word' id='word_1_132' title='bbox 938 2175 1056 2260; x_wconf 83' lang='lat' dir='ltr'>compa·</span> 
     </span>
     <span class='ocr_line' id='line_1_20' title="bbox 126 2286 1058 2361; baseline -0.004 -11"><span class='ocrx_word' id='word_1_133' title='bbox 126 2293 218 2352; x_wconf 86' lang='lat' dir='ltr'>raudo</span> <span class='ocrx_word' id='word_1_134' title='bbox 240 2290 449 2361; x_wconf 85' lang='lat' dir='ltr'>considerant,</span> <span class='ocrx_word' id='word_1_135' title='bbox 467 2288 684 2347; x_wconf 86' lang='lat' dir='ltr'>allubescentes</span> <span class='ocrx_word' id='word_1_136' title='bbox 701 2287 920 2348; x_wconf 88' lang='lat' dir='ltr'>concordamus</span> <span class='ocrx_word' id='word_1_137' title='bbox 941 2307 1011 2348; x_wconf 85' lang='lat' dir='ltr'>cunr</span> <span class='ocrx_word' id='word_1_138' title='bbox 1026 2286 1058 2346; x_wconf 94' lang='lat' dir='ltr'>il·</span> 
     </span>
     <span class='ocr_line' id='line_1_21' title="bbox 126 2393 1059 2474; baseline -0.003 -18"><span class='ocrx_word' id='word_1_139' title='bbox 126 2397 179 2470; x_wconf 94' lang='lat' dir='ltr'>lis;</span> <span class='ocrx_word' id='word_1_140' title='bbox 190 2399 215 2457; x_wconf 91' lang='lat' dir='ltr'>si</span> <span class='ocrx_word' id='word_1_141' title='bbox 227 2417 296 2459; x_wconf 88' lang='lat' dir='ltr'>vero</span> <span class='ocrx_word' id='word_1_142' title='bbox 310 2396 483 2474; x_wconf 88' lang='lat' dir='ltr'>simpliciter</span> <span class='ocrx_word' id='word_1_143' title='bbox 497 2394 624 2471; x_wconf 91' lang='lat' dir='ltr'>Vulgare</span> <span class='ocrx_word' id='word_1_144' title='bbox 633 2393 824 2454; x_wconf 90' lang='lat' dir='ltr'>Bononiense</span> <span class='ocrx_word' id='word_1_145' title='bbox 835 2394 1059 2472; x_wconf 84' lang='lat' dir='ltr'>praeferendum</span> 
     </span>
     <span class='ocr_line' id='line_1_22' title="bbox 130 2495 1060 2577; baseline -0.012 -13"><span class='ocrx_word' id='word_1_146' title='bbox 130 2502 308 2577; x_wconf 86' lang='lat' dir='ltr'>existimant,</span> <span class='ocrx_word' id='word_1_147' title='bbox 321 2501 532 2563; x_wconf 87' lang='lat' dir='ltr'>dissentientes</span> <span class='ocrx_word' id='word_1_148' title='bbox 542 2499 748 2560; x_wconf 90' lang='lat' dir='ltr'>discordamus</span> <span class='ocrx_word' id='word_1_149' title='bbox 760 2499 798 2558; x_wconf 87' lang='lat' dir='ltr'>ab</span> <span class='ocrx_word' id='word_1_150' title='bbox 809 2497 865 2558; x_wconf 89' lang='lat' dir='ltr'>eis:</span> <span class='ocrx_word' id='word_1_151' title='bbox 876 2515 937 2557; x_wconf 90' lang='lat' dir='ltr'>non</span> <span class='ocrx_word' id='word_1_152' title='bbox 949 2495 1060 2555; x_wconf 90' lang='lat' dir='ltr'>etenim</span> 
     </span>
     <span class='ocr_line' id='line_1_23' title="bbox 130 2597 1107 2684; baseline -0.013 -15"><span class='ocrx_word' id='word_1_153' title='bbox 130 2613 175 2669; x_wconf 90' lang='lat' dir='ltr'>est</span> <span class='ocrx_word' id='word_1_154' title='bbox 191 2607 271 2684; x_wconf 86' lang='lat' dir='ltr'>quod</span> <span class='ocrx_word' id='word_1_155' title='bbox 287 2605 428 2665; x_wconf 84' lang='lat' dir='ltr'>Aulicum</span> <span class='ocrx_word' id='word_1_156' title='bbox 441 2611 470 2664; x_wconf 87' lang='lat' dir='ltr'>et</span> <span class='ocrx_word' id='word_1_157' title='bbox 485 2603 602 2662; x_wconf 90' lang='lat' dir='ltr'>lllustre</span> <span class='ocrx_word' id='word_1_158' title='bbox 618 2619 779 2672; x_wconf 80' lang='lat' dir='ltr'>vocamus3</span> <span class='ocrx_word' id='word_1_159' title='bbox 796 2601 938 2675; x_wconf 89' lang='lat' dir='ltr'>quoniam</span> <span class='ocrx_word' id='word_1_160' title='bbox 953 2597 977 2658; x_wconf 91' lang='lat' dir='ltr'>si</span> <span class='ocrx_word' id='word_1_161' title='bbox 991 2598 1059 2658; x_wconf 87' lang='lat' dir='ltr'>luis·</span> <span class='ocrx_word' id='word_1_162' title='bbox 1079 2614 1107 2657; x_wconf 78' lang='lat' dir='ltr'>ao</span> 
     </span>
     <span class='ocr_line' id='line_1_24' title="bbox 130 2702 1061 2788; baseline -0.017 -12"><span class='ocrx_word' id='word_1_163' title='bbox 130 2719 188 2788; x_wconf 93' lang='lat' dir='ltr'>set,</span> <span class='ocrx_word' id='word_1_164' title='bbox 205 2714 357 2775; x_wconf 89' lang='lat' dir='ltr'>Maximus</span> <span class='ocrx_word' id='word_1_165' title='bbox 379 2709 474 2771; x_wconf 85' lang='lat' dir='ltr'>Guido</span> <span class='ocrx_word' id='word_1_166' title='bbox 491 2706 657 2779; x_wconf 86' lang='lat' dir='ltr'>Guinicelli,</span> <span class='ocrx_word' id='word_1_167' title='bbox 676 2705 771 2766; x_wconf 90' lang='lat' dir='ltr'>Guido</span> <span class='ocrx_word' id='word_1_168' title='bbox 787 2702 986 2776; x_wconf 88' lang='lat' dir='ltr'>Gbiselerius,</span> <span class='ocrx_word' id='word_1_169' title='bbox 1007 2703 1061 2762; x_wconf 84' lang='lat' dir='ltr'>Fa·</span> 
     </span>
     <span class='ocr_line' id='line_1_25' title="bbox 130 2811 1061 2904; baseline -0.018 -20"><span class='ocrx_word' id='word_1_170' title='bbox 130 2822 256 2895; x_wconf 89' lang='lat' dir='ltr'>bricius,</span> <span class='ocrx_word' id='word_1_171' title='bbox 277 2828 308 2880; x_wconf 91' lang='lat' dir='ltr'>et</span> <span class='ocrx_word' id='word_1_172' title='bbox 328 2818 495 2904; x_wconf 87' lang='lat' dir='ltr'>Honestus,</span> <span class='ocrx_word' id='word_1_173' title='bbox 518 2819 548 2875; x_wconf 91' lang='lat' dir='ltr'>et</span> <span class='ocrx_word' id='word_1_174' title='bbox 566 2813 614 2875; x_wconf 92' lang='lat' dir='ltr'>alii</span> <span class='ocrx_word' id='word_1_175' title='bbox 634 2818 791 2892; x_wconf 90' lang='lat' dir='ltr'>poetantes</span> <span class='ocrx_word' id='word_1_176' title='bbox 810 2811 965 2883; x_wconf 86' lang='lat' dir='ltr'>Bononiae,</span> <span class='ocrx_word' id='word_1_177' title='bbox 988 2829 1061 2868; x_wconf 90' lang='lat' dir='ltr'>nun-</span> 
     </span>
     <span class='ocr_line' id='line_1_26' title="bbox 132 2914 1060 3006; baseline -0.018 -16"><span class='ocrx_word' id='word_1_178' title='bbox 132 2949 221 3006; x_wconf 88' lang='lat' dir='ltr'>quam</span> <span class='ocrx_word' id='word_1_179' title='bbox 233 2929 271 2988; x_wconf 92' lang='lat' dir='ltr'>ab</span> <span class='ocrx_word' id='word_1_180' title='bbox 284 2927 352 3004; x_wconf 91' lang='lat' dir='ltr'>ipso</span> <span class='ocrx_word' id='word_1_181' title='bbox 363 2923 566 2995; x_wconf 85' lang='lat' dir='ltr'>divertissent;</span> <span class='ocrx_word' id='word_1_182' title='bbox 580 2921 630 2999; x_wconf 92' lang='lat' dir='ltr'>qui</span> <span class='ocrx_word' id='word_1_183' title='bbox 645 2922 780 2981; x_wconf 88' lang='lat' dir='ltr'>doctores</span> <span class='ocrx_word' id='word_1_184' title='bbox 791 2917 912 2977; x_wconf 90' lang='lat' dir='ltr'>fuerunt</span> <span class='ocrx_word' id='word_1_185' title='bbox 922 2914 1060 2987; x_wconf 69' lang='lat' dir='ltr'>illustres</span> 
     </span>
     <span class='ocr_line' id='line_1_27' title="bbox 133 3025 674 3111; baseline -0.007 -17"><span class='ocrx_word' id='word_1_186' title='bbox 133 3042 162 3094; x_wconf 92' lang='lat' dir='ltr'>et</span> <span class='ocrx_word' id='word_1_187' title='bbox 177 3025 352 3111; x_wconf 85' lang='lat' dir='ltr'>Vulgarium</span> <span class='ocrx_word' id='word_1_188' title='bbox 367 3029 544 3090; x_wconf 85' lang='lat' dir='ltr'>discretione</span> <span class='ocrx_word' id='word_1_189' title='bbox 561 3029 674 3107; x_wconf 91' lang='lat' dir='ltr'>repleti.</span> 
     </span>
    </p>

    <p class='ocr_par' dir='ltr' id='par_1_3' title="bbox 211 3124 1109 3203">
     <span class='ocr_line' id='line_1_28' title="bbox 211 3124 1109 3203; baseline -0.019 0"><span class='ocrx_word' id='word_1_190' title='bbox 211 3140 362 3203; x_wconf 84' lang='lat' dir='ltr'>Maximus</span> <span class='ocrx_word' id='word_1_191' title='bbox 378 3138 490 3199; x_wconf 87' lang='lat' dir='ltr'>Guido:</span> <span class='ocrx_word' id='word_1_192' title='bbox 525 3124 528 3128; x_wconf 38' lang='lat'>⁵</span> <span class='ocrx_word' id='word_1_193' title='bbox 1083 3145 1109 3187; x_wconf 72' lang='lat' dir='ltr'>aa</span> 
     </span>
    </p>
   </div>
   <div class='ocr_carea' id='block_1_3' title="bbox 214 3277 724 3491">
    <p class='ocr_par' dir='ltr' id='par_1_4' title="bbox 214 3277 724 3491">
     <span class='ocr_line' id='line_1_29' title="bbox 296 3277 724 3349; baseline -0.016 -12"><span class='ocrx_word' id='word_1_194' title='bbox 296 3280 476 3349; x_wconf 76' lang='lat' dir='ltr'>«Madonna,</span> <span class='ocrx_word' id='word_1_195' title='bbox 491 3279 511 3333; x_wconf 94' lang='lat' dir='ltr'>il</span> <span class='ocrx_word' id='word_1_196' title='bbox 523 3277 612 3334; x_wconf 81' lang='lat' dir='ltr'>fermo</span> <span class='ocrx_word' id='word_1_197' title='bbox 627 3294 699 3334; x_wconf 88' lang='lat' dir='ltr'>core.</span> <span class='ocrx_word' id='word_1_198' title='bbox 711 3296 724 3330; x_wconf 70' lang='lat' dir='ltr'>a</span> 
     </span>
     <span class='ocr_line' id='line_1_30' title="bbox 214 3428 379 3491; baseline -0.03 0"><span class='ocrx_word' id='word_1_199' title='bbox 214 3428 379 3491; x_wconf 78' lang='lat' dir='ltr'>Fabritius:</span> 
     </span>
    </p>
   </div>
   <div class='ocr_carea' id='block_1_4' title="bbox 299 3569 674 3640">
    <p class='ocr_par' dir='ltr' id='par_1_5' title="bbox 299 3569 674 3640">
     <span class='ocr_line' id='line_1_31' title="bbox 299 3569 674 3640; baseline -0.029 -10"><span class='ocrx_word' id='word_1_200' title='bbox 299 3575 365 3630; x_wconf 84' lang='lat' dir='ltr'>«Lo</span> <span class='ocrx_word' id='word_1_201' title='bbox 382 3574 435 3629; x_wconf 89' lang='lat' dir='ltr'>mio</span> <span class='ocrx_word' id='word_1_202' title='bbox 450 3575 562 3629; x_wconf 86' lang='lat' dir='ltr'>lontano</span> <span class='ocrx_word' id='word_1_203' title='bbox 581 3569 674 3640; x_wconf 71' lang='lat' dir='ltr'>gire.»</span> 
     </span>
    </p>
   </div>
   <div class='ocr_carea' id='block_1_5' title="bbox 0 0 1310 4022">
    <p class='ocr_par' dir='ltr' id='par_1_6' title="bbox 0 0 1310 4022">
     <span class='ocr_line' id='line_1_32' title="bbox 0 0 1310 4022; baseline 0 0"><span class='ocrx_word' id='word_1_204' title='bbox 0 0 1310 4022; x_wconf 95' lang='lat' dir='ltr'> </span> 
     </span>
    </p>
   </div>
  </div>
 </body>
</html>
