2560 4022
479 163 517 204 DE
535 162 868 212 vuncaatauootmurut.

599 434 695 496 Carus
715 433 751 494 X.

277 652 311 694 De
320 649 436 692 varietate
444 646 564 690 idiomatis
574 647 598 688 in
608 645 678 688 Italia
688 657 702 688 a
711 646 802 689 dextris
812 648 836 690 et
844 657 859 688 a
868 646 974 689 sinistris
984 645 1073 688 montis
1173 633 1177 641 ’

601 723 745 778 Appennini.

291 923 417 985 Trifario
432 941 511 984 nunc
526 929 654 982 exeunte
667 927 771 982 nostro
786 919 927 980 idiomate
941 917 986 998 (ut
1000 919 1138 999 superius

211 1035 322 1095 dietum
332 1032 405 1106 est),
415 1030 446 1091 in
456 1030 678 1108 comparatione
692 1027 738 1089 sui
751 1027 855 1106 ipsius,
875 1027 1042 1088 secundum
1057 1028 1140 1104 quod

212 1142 357 1203 trisonum
373 1139 487 1199 iactum
506 1145 561 1210 est,
582 1155 652 1196 cum
673 1140 757 1196 tanta
780 1132 940 1195 timiditate
962 1139 1140 1194 cunctamur

211 1243 369 1324 librantes,
392 1242 471 1318 quod
492 1239 583 1314 hanc,
605 1241 653 1299 vel
673 1238 778 1314 istam,
799 1241 846 1301 vel
869 1239 951 1300 illam
971 1241 1141 1317 partemin

174 1369 192 1413 r,
213 1345 415 1424 comparando
426 1363 600 1422 praeponere
614 1364 674 1405 non
688 1347 850 1419 audemus,
865 1345 921 1407 nisi
938 1366 974 1408 eo
990 1348 1039 1408 Sic
1058 1349 1139 1425 quod
1161 1383 1166 1394 ·

213 1450 420 1514 Grammaticos
436 1450 582 1530 positores
595 1450 786 1513 inveniuntur
804 1453 956 1532 accepisse
970 1475 1024 1532 per
1038 1457 1141 1518 adver-

213 1562 296 1620 bium
311 1559 493 1633 atfirmandi3
509 1560 589 1636 quod
604 1561 758 1636 quandam
768 1559 1003 1622 anterioritatem
1017 1581 1142 1641 erogare

212 1667 327 1726 videtur
353 1666 433 1727 Italis
461 1664 512 1743 qui
538 1667 571 1726 sa
598 1665 706 1726 dicunt.
732 1665 878 1738 Quaelibet
906 1665 986 1726 enim
1010 1667 1142 1746 partium
1242 1673 1247 1680 '

212 1773 294 1848 largo
315 1770 485 1832 testimonio
504 1790 536 1832 se
554 1775 663 1831 tuetur.
682 1770 799 1846 Allegat
819 1791 889 1849 ergo
905 1791 959 1850 pro
981 1792 1015 1833 se
1029 1773 1143 1851 Lingua

165 1893 194 1938 10
214 1879 259 1938 Oil
268 1923 279 1955 ,
305 1877 385 1954 quod
410 1880 531 1954 propter
561 1876 607 1936 sui
634 1875 796 1936 faciliorem
829 1865 864 1937 ae
889 1877 1142 1940 delectabiliorem

212 1985 433 2062 vulgaritatem,
456 1982 595 2058 quiequid
609 1984 776 2056 redactum,
795 1982 856 2044 sive
870 1983 1024 2044 inventum
1039 1989 1085 2045 est
1103 1988 1144 2048 ad

213 2095 334 2168 vulgare
363 2090 548 2168 prosaicum,
577 2109 667 2151 suum
697 2099 760 2152 est:
791 2091 925 2154 videlicet
951 2091 1046 2152 Biblia
1072 2111 1144 2154 cum

213 2198 425 2274 Troianorum,
451 2195 717 2292 Romanorumque
746 2197 879 2272 gestibus
909 2199 1081 2275 compilata,
1113 2206 1143 2260 et

214 2311 315 2374 Arturi
328 2310 416 2388 Regis
430 2311 573 2388 ambages
586 2310 808 2388 pulcherrimae,
818 2316 847 2373 et
862 2331 953 2391 quam
966 2313 1066 2391 plures
1077 2311 1143 2372 aliae

168 2436 195 2479 ra
214 2417 356 2492 historiae,
379 2437 414 2478 ac
431 2415 581 2478 doetrinae.
597 2418 655 2476 Pro
679 2436 800 2478 severo
821 2423 1048 2495 argumentatur
1069 2417 1142 2490 alia,

215 2527 325 2589 scilicet
351 2526 403 2604 Oe,
427 2525 508 2601 quod
528 2525 663 2600 vulgares
690 2525 872 2603 Eloquentes
893 2525 924 2585 in
949 2545 985 2586 ea
1004 2523 1142 2604 primitus

216 2634 327 2713 poetali
352 2637 434 2708 sunt,
461 2640 608 2710 tanquam
631 2633 662 2693 iri
687 2633 870 2711 perfectiori,
898 2631 1082 2710 dulciorique
1102 2633 1143 2694 lo·

217 2739 317 2814 quela:
338 2745 371 2798 ut
391 2743 463 2814 puta
482 2738 588 2799 Petrus
610 2739 647 2798 de
667 2737 820 2814 Alvernia,
842 2739 940 2802 etalii
961 2740 1145 2819 antiquiores

217 2848 364 2909 doctores.
385 2842 499 2920 Tertia,
517 2865 583 2923 quae
599 2844 773 2906 Latinorum
791 2855 850 2922 est,
869 2867 903 2910 se
922 2849 1039 2910 duobus
1060 2846 1145 2926 privi-

170 2966 199 3010 ao
217 2952 300 3030 legiis
318 2956 477 3012 attestatur
493 2969 636 3029 praeesse:
654 2949 749 3029 primo
767 2952 902 3028 quidem,
922 2955 1002 3031 quod
1019 2952 1071 3030 qui
1083 2952 1145 3014 dul-

220 3060 298 3129 cius,
316 3058 512 3135 subtiliusque
525 3055 635 3136 poetati
653 3057 819 3133 vulgariter
834 3063 916 3131 sunt,
933 3057 954 3118 ii
970 3057 1145 3130 familiares,

221 3175 250 3228 et
267 3163 424 3226 domestici
437 3163 483 3224 sui
498 3169 582 3224 sunt:
603 3167 677 3243 puta
694 3162 786 3224 Cinus
802 3165 1005 3240 Pistoriensis,
1029 3170 1059 3226 et
1075 3163 1146 3225 ami·

221 3293 272 3336 eus
298 3273 372 3350 ejus.
399 3270 555 3345 Secundo,
578 3271 648 3349 quia
670 3270 765 3349 magis
790 3271 907 3333 videtur
934 3271 1019 3332 inniti
1042 3271 1148 3333 Gram-

221 3375 347 3450 matioae,
371 3393 437 3453 quae
455 3375 622 3436 eommunis
644 3381 708 3451 est3
729 3378 809 3454 quod
828 3375 1042 3440 rationabiliter
1058 3379 1148 3459 inspi-
1168 3407 1174 3428 ι

174 3505 201 3547 aa
222 3486 366 3548 cientibus
387 3485 502 3546 videtur
523 3483 734 3562 gravissimum
754 3493 973 3564 argumentum.
994 3487 1057 3548 Nos
1074 3505 1148 3548 vero
