2576 4052
531 200 689 242 connnnrr.
1028 191 1080 247 38r

120 326 177 382 per
191 310 264 367 altro
279 327 357 366 come
375 311 510 382 legittima
529 313 556 366 la
569 312 684 384 Volgata
705 330 718 367 a
734 313 884 369 dicendum
902 319 948 370 est.
966 334 979 370 n
1002 314 1084 370 Cioe

122 399 261 455 riseribile
275 400 309 455 ad
325 419 338 454 o
355 401 522 470 hujusmodi
536 402 659 471 sactum,
677 419 690 454 o
707 417 723 455 o
737 401 771 456 ad
784 403 866 456 alcun
881 403 931 458 che
947 402 974 457 di
990 403 1084 458 simite

123 489 284 547 faoilmente
301 492 460 559 sottinteso,
476 491 521 546 chi
536 491 589 545 ben
602 489 725 561 riguardi
741 492 767 546 le
781 493 877 562 parole
896 493 1082 550 antecedenti.

122 578 158 634 Di
173 585 285 635 costoro
298 563 358 651 poi,
372 582 381 634 i
395 581 471 653 quali
487 581 532 635 del
547 582 608 635 mal
622 583 690 635 totto
706 582 798 636 soaltri
813 582 835 635 s'
845 582 972 636 avvisano
988 582 1016 636 di
1030 585 1084 652 far

124 669 204 724 bnon
220 671 332 736 lavoro,
347 670 388 726 sia
400 669 552 724 elemosina
565 685 581 723 ο
595 670 665 725 altre
683 669 870 739 beneticenze‚
891 671 997 725 sentina
1011 686 1081 741 gran

123 757 262 828 disdegno
273 759 292 812 il
301 758 431 813 cristiano
441 760 539 826 Poeta,
554 760 590 813 ne
602 759 625 813 si
639 764 765 831 tempera
778 760 823 814 dal
836 758 1083 830 rimproverarneli

122 845 308 902 deramente:
327 847 419 916 Conv„
437 846 548 915 1v‚27;
564 847 639 916 Pan,
656 861 688 916 v,
704 847 749 903 34.

387 1077 533 1133 Carnam
549 1077 608 1134 VII.
625 1109 660 1121 -
676 1080 741 1150 Pag.
759 1078 820 1137 259.

199 1288 261 1344 Lin.
278 1289 304 1343 2.
320 1288 483 1345 Notum...
497 1291 526 1344 in
538 1290 716 1361 providendo
729 1307 787 1348 non
800 1291 895 1363 defecit
905 1293 940 1347 ab
954 1291 1085 1347 hominis

123 1377 324 1450 provident-io.
341 1379 380 1434 La
393 1381 587 1452 provoidenzn
606 1382 683 1435 della
700 1381 818 1436 Natura
832 1399 888 1437 non
907 1385 922 1438 d
942 1383 980 1438 da
999 1400 1085 1437 meno

124 1484 141 1521 o
161 1468 303 1539 inferiore
318 1469 375 1524 'alla
394 1470 576 1540 provvidenza
595 1470 767 1525 deli’Uomo.
783 1471 838 1526 Ora
856 1472 973 1548 l’Uomo
992 1473 1019 1527 la
1038 1473 1082 1527 di-

123 1557 233 1630 spiega,
251 1558 354 1612 dacche
373 1575 423 1630 per
441 1559 575 1626 istituire‚
592 1559 737 1630 poniamo,
754 1576 793 1613 un
811 1561 935 1631 Colleqio
954 1577 970 1615 o
988 1561 1082 1630 Μαρί-

126 1651 238 1714 strato,
250 1647 395 1718 risguarda
411 1663 468 1702 non
484 1665 553 1720 pure
565 1648 584 1701 l'
596 1648 697 1703 ordine
711 1650 762 1703 che
778 1649 837 1704 dev'
848 1650 950 1703 esservi
965 1651 1009 1704 ne’
1021 1650 1084 1704 Col-

125 1736 220 1806 leyhi,
233 1737 271 1806 gii
285 1737 335 1791 uni
349 1737 465 1809 rispetto
478 1736 531 1806 agii
541 1737 617 1806 altri,
635 1753 707 1792 mae
720 1737 743 1791 si
757 1737 784 1792 la
798 1737 897 1792 saoolta
912 1739 939 1793 di
952 1739 1083 1795 ciascuno

122 1841 176 1898 per
190 1826 330 1897 compiere
343 1826 362 1880 l’
372 1824 465 1879 ufficio
480 1826 531 1879 ohe
547 1824 583 1895 gli
600 1825 623 1880 si
637 1827 718 1880 vuote
733 1832 887 1895 assegnato.
900 1827 924 1882 Il
937 1827 987 1880 che
1001 1833 1083 1883 torna

121 1931 194 1970 aun
210 1914 364 1969 modesimo
388 1914 438 1968 che
461 1914 638 1980 considerare
658 1915 678 1969 il
699 1915 818 1970 termine
840 1916 886 1970 del
906 1915 1016 1971 Diritto
1034 1917 1082 1971 nei

122 2005 253 2076 Colteqio
272 2009 361 2059 stesso
377 2020 392 2056 o
407 2002 474 2058 nall'
484 2004 587 2059 ordine
601 2004 759 2076 rispettivo‚
776 2022 833 2061 non
850 2006 1045 2061 ostendendosi
1060 2006 1082 2062 ii

122 2093 235 2148 Diritto
251 2093 321 2148 oltre
337 2093 363 2147 al
379 2097 475 2164 potere
490 2093 593 2147 odolla
609 2093 717 2165 facoltd
736 2095 927 2153 conveniente.
947 2095 1085 2170 Neppuro

120 2183 150 2238 la
164 2183 271 2238 Natura
289 2182 424 2254 potrebbe
443 2181 556 2254 dunque
576 2185 692 2238 riuscire
712 2187 892 2241 manohevole
911 2185 939 2254 di
957 2201 1014 2242 una
1032 2186 1081 2241 sif-

121 2272 192 2326 fatta
203 2271 399 2342 provvidenza
413 2270 479 2326 nell‘
490 2273 593 2326 ordine
608 2289 669 2327 suo.
690 2273 731 2328 Ed
747 2281 869 2346 appunto
885 2293 899 2328 o
915 2277 947 2330 in
966 2293 1017 2333 suo
1037 2293 1082 2331 or·

122 2361 206 2430 dine,
224 2379 237 2415 n
259 2361 370 2415 anziohe
388 2379 402 2414 o
418 2361 450 2415 in
463 2361 525 2416 suis
540 2362 695 2428 ordinatis,
711 2382 725 2416 o
742 2363 823 2418 stimo
838 2364 890 2416 ohe
904 2363 945 2418 sia
960 2365 995 2418 da
1009 2366 1083 2434 regi-

121 2455 213 2505 strare
229 2449 277 2503 nel
289 2449 371 2504 Teste
390 2449 449 2519 (lin.
467 2448 525 2520 to),
545 2450 781 2506 conformemente
796 2467 813 2505 a
830 2451 872 2505 oio
890 2452 941 2506 che
960 2468 1044 2523 segue
1064 2471 1081 2508 e

121 2543 204 2596 viena
219 2541 248 2595 in
264 2546 363 2611 pronto
379 2557 395 2594 a
413 2539 586 2594 richiamaroi
604 2540 623 2593 il
642 2539 770 2610 pensiero
785 2539 831 2594 all'
841 2541 942 2594 ordine
959 2546 1080 2596 notura·

123 2633 165 2702 te,
185 2631 236 2684 ohe
258 2630 331 2685 nelle
351 2645 414 2684 cose
436 2629 566 2682 universe
587 2629 602 2682 d
622 2627 801 2682 fondamento
821 2627 866 2681 del
886 2628 1006 2682 Diritto.
1027 2630 1081 2694 Qui

123 2719 245 2774 davvero
264 2721 315 2774 che
329 2719 465 2774 l'Autore
480 2717 503 2771 si
518 2717 669 2788 assottiglia
686 2716 732 2771 nel
746 2732 797 2770 suo
817 2716 972 2772 disoorrere
992 2734 1007 2772 e
1027 2734 1080 2773 oon

123 2807 252 2879 maggior
267 2808 428 2862 franchezza
444 2823 458 2862 e
478 2822 529 2861 oon
544 2805 592 2876 pid
608 2821 705 2859 acume
720 2805 868 2874 sslosoiico,
889 2806 940 2860 che
958 2821 1014 2861 non
1033 2806 1081 2861 nol

124 2899 269 2966 Gonvno,
281 2897 350 2952 dove
364 2897 391 2951 la
404 2895 526 2950 elezione
537 2895 582 2949 del
596 2894 700 2965 Popolo
714 2895 841 2950 Romano
856 2897 1009 2968 att’nsfioio
1022 2897 1081 2952 del-

125 2991 144 3043 i’
154 2987 284 3058 Imperio
306 2988 329 3042 si
349 2987 377 3041 fa
395 2986 561 3058 procedere,
585 2985 811 3057 semplicemente
831 3001 846 3040 o
868 2987 1078 3054 direttamente,

123 3079 198 3134 dall'
207 3082 303 3132 eterno
320 3075 465 3146 Consiolr'o
484 3075 534 3129 ohe
546 3091 602 3146 per
617 3075 683 3129 tntti
698 3075 855 3146 prodente:
873 3074 970 3142 Conv„
990 3089 1034 3143 iv,
1050 3073 1079 3130 4.

197 3165 243 3222 18.
264 3167 317 3221 Itle
331 3166 462 3236 deficeret
475 3166 510 3240 nt>
523 3165 606 3220 Artis
618 3165 809 3236 perfectione,
824 3164 875 3236 qui
886 3165 1005 3234 finalem
1019 3167 1081 3236 sor·

123 3272 209 3310 mam
234 3260 348 3310 tantum
365 3254 543 3323 intenderet,
562 3255 660 3308 medio
674 3271 738 3309 vero
752 3271 806 3326 per
820 3271 885 3328 quoe
900 3255 938 3309 ad
951 3255 1080 3324 formam

120 3345 320 3416 perimeret,
334 3360 393 3399 non
406 3348 531 3398 curaret.
550 3342 631 3397 Certo
649 3343 667 3396 l'
678 3342 783 3397 Artista
801 3359 858 3398 non
876 3343 1034 3399 otterrehbe
1053 3342 1080 3395 la

124 3431 284 3506 pertezione
298 3433 345 3489 del
365 3451 416 3488 sno
431 3435 541 3503 lavoro,
559 3431 741 3489 trascurando
756 3431 765 3485 i
780 3433 865 3486 mezzi
885 3428 1079 3504 convenienti,

122 3523 202 3578 accid
217 3523 274 3606 che¹
285 3525 330 3579 all'
340 3523 501 3579 intenzione
516 3523 580 3580 dell’
590 3523 658 3578 Arte
673 3538 755 3598 possa
768 3521 921 3600 accordarsi
936 3521 963 3576 la
979 3524 1080 3594 sorren
