2576 4052
511 259 668 304 cannensi.
1013 253 1069 308 379

95 369 164 424 sine
173 369 256 438 dare,
269 389 282 424 a
295 368 424 442 ponendo
434 368 491 424 indi
504 387 518 424 a
529 375 571 436 nt,
583 389 596 426 a
609 371 638 428 in
649 375 755 432 cambio
765 376 794 430 di
806 395 819 432 o
830 393 901 433 nam
912 397 925 433 a
938 379 995 450 (lin.
1005 379 1066 450 30),

101 459 157 514 che
173 459 251 530 quivi
263 459 350 514 riesce
366 459 401 513 ad
421 459 594 533 inriluppare
608 464 636 519 la
649 481 715 520 vera
729 472 869 526 sentenza.
887 467 926 522 La
940 469 1023 539 quale
1038 469 1063 523 ci

101 548 201 603 addita
219 565 312 604 essere
327 549 502 622 impossihile
520 553 572 607 che
586 570 669 624 possa
685 555 760 611 dorsi
773 556 792 611 il
807 557 862 611 fine
879 557 924 631 del
939 557 1066 628 Diritto,

102 654 189 693 senza
200 639 323 706 Dirittc,
340 638 491 710 dappoiohe
501 640 527 694 la
538 655 602 695 cosa
612 641 669 714 (qni
679 643 831 714 significata
841 661 892 715 per
902 645 922 698 il
931 645 1062 715 Diritto),

103 727 224 798 rispetto
238 727 263 782 al
274 727 386 798 proprio
397 728 467 799 fine,
479 744 515 782 ne
528 729 621 784 deriva
631 746 687 785 non
700 731 865 802 altrimenti,
882 733 932 786 che
942 733 962 786 il
972 749 1063 787 conse·

102 821 212 886 pusiole
226 816 272 870 dal
290 833 342 871 suo
358 817 537 872 antecedente
552 819 626 874 nella
648 835 840 890 consepnenza
855 823 1014 892 sillogistica
1029 840 1063 880 sn

103 910 266 960 accennata.
283 906 315 960 L'
326 922 381 962 una
396 907 503 963 chiama
519 909 667 981 simperto
680 911 699 965 l’
709 911 797 980 altro,
812 912 931 966 siccome
947 912 967 966 il
981 913 1065 983 viper

103 995 179 1049 delle
192 995 323 1049 membra
334 995 464 1050 [limanda
477 998 504 1051 la
516 997 622 1067 sainte,
633 1014 715 1053 senza
730 999 774 1054 oui
786 999 904 1054 indarno
917 1001 980 1057 altri
992 1002 1066 1074 aspi·

104 1084 226 1139 rerebbe
237 1084 271 1138 ad
282 1089 406 1139 ottenere
416 1085 487 1140 ootal
500 1085 603 1156 vigore.
615 1087 749 1146 -Pertanto
766 1089 805 1142 mi
821 1089 920 1145 risolvo
935 1091 977 1145 ch’
988 1092 1024 1145 ivi
1038 1092 1063 1146 si

103 1172 199 1227 dehha
210 1173 356 1227 intendere
366 1189 381 1227 e
391 1190 553 1245 correggere
566 1174 586 1228 11
599 1175 681 1231 Testo
697 1176 725 1230 di
741 1177 842 1232 sitiatta
854 1177 948 1247 guise:
967 1198 980 1234 a
993 1179 1063 1235 Cum

103 1268 174 1334 er'po
190 1261 265 1318 luris
279 1263 347 1333 finis
360 1263 481 1334 qnidam
496 1263 533 1318 sit
546 1261 591 1337 (at
601 1264 666 1332 jam
679 1266 859 1322 declaratum
872 1270 936 1340 est),
953 1285 1064 1324 necesse

104 1357 159 1418 est,
181 1351 239 1422 fine
252 1351 302 1406 iilo
324 1352 434 1423 posito,
451 1351 466 1405 J
470 1368 501 1405 us
520 1354 607 1422 poni,
623 1371 689 1409 enno
704 1355 741 1410 sit
759 1358 902 1429 proprios
922 1363 949 1412 et
965 1376 1021 1430 per
1034 1374 1067 1413 sc

103 1440 181 1494 Juris
194 1442 320 1513 effectas,
336 1446 362 1496 et
377 1457 466 1513 quum
478 1443 510 1496 in
526 1445 606 1497 omni
620 1446 822 1516 consequentia
835 1446 1012 1514 impossihile
1027 1448 1064 1502 sit

103 1530 212 1586 habere
234 1531 400 1585 antecedens
425 1532 529 1601 absone
553 1539 754 1604 consequente,
777 1539 808 1587 nt
832 1534 978 1588 hominem
1002 1536 1064 1589 sine

105 1619 250 1686 animali,
268 1619 342 1674 sicot
354 1624 437 1689 patet
451 1619 619 1674 costrnendo
635 1627 661 1676 et
677 1621 858 1676 destruendo.
873 1622 916 1676 Sic
934 1623 1064 1692 impossi-

104 1707 163 1762 bile
176 1714 217 1763 est
230 1708 304 1762 luris
318 1709 406 1781 finem
416 1725 477 1764 esse
491 1709 553 1763 sine
567 1709 648 1778 lure,
663 1727 726 1764 cnm
738 1711 868 1782 qnalibet
883 1727 929 1766 res
944 1713 983 1767 ad
992 1729 1065 1784 pro-

99 1797 206 1867 priam
226 1798 314 1869 finem
337 1816 366 1853 se
381 1800 485 1854 habeat
500 1801 577 1855 volnt
593 1817 765 1873 consequens
781 1802 819 1856 ad
835 1803 1014 1868 antecedens,
1032 1809 1066 1858 nt

103 1889 285 1960 impossibile
299 1894 355 1957 est,
371 1890 477 1944 bonam
495 1889 688 1945 valetudinem
704 1891 901 1946 membrorum
923 1889 1065 1961 attingere

103 1979 168 2034 sine
183 1977 318 2033 sanitate.
332 1982 335 1988 '

177 2067 222 2123 34.
242 2068 300 2124 Nec
315 2070 390 2124 volet
405 2071 563 2141 instantia,
587 2087 652 2143 qnae
672 2071 707 2126 de
725 2071 816 2126 verbis
832 2069 995 2142 Philosophi
1011 2086 1064 2126 en-

104 2157 219 2211 baliam
236 2161 462 2228 pertractantis,
482 2161 547 2215 elici
564 2163 651 2229 solet;
670 2160 741 2216 dicit
758 2161 837 2215 enine
856 2160 1059 2232 Philosophus:

105 2263 119 2298 a
135 2244 235 2300 Sedet
251 2247 303 2301 hoc
316 2249 391 2317 falso
407 2249 587 2319 syllogismo,
600 2249 717 2319 sortiri,
734 2250 809 2320 qnod
823 2250 939 2321 quidem
953 2255 1064 2321 oportet

104 2334 227 2402 sortiri,
240 2352 296 2406 per
314 2338 388 2410 qnod
404 2345 519 2406 antem,
534 2355 606 2406 non,
628 2340 677 2393 sed
697 2341 804 2408 salsam
820 2339 948 2394 mediana
965 2341 1064 2394 terrai·

105 2441 178 2480 num
188 2440 282 2480 esse.»
298 2426 338 2480 Or
350 2443 428 2482 come
442 2427 585 2498 sciogliere
595 2432 694 2499 questo
709 2427 832 2496 enigma,
846 2427 890 2480 cui
903 2443 960 2482 non
973 2428 1067 2483 basta·

104 2529 175 2570 rono
185 2513 195 2567 i
206 2515 254 2586 piat
267 2516 368 2570 accorti
382 2517 493 2572 edestri
506 2515 639 2588 ingegni‘t
652 2516 787 2571 Vediamo
799 2515 828 2568 in
842 2513 932 2585 prima'
946 2517 1011 2586 qual
1023 2516 1065 2570 sia

105 2604 131 2660 la
144 2620 242 2660 verace
256 2610 400 2674 sentenza,
418 2622 433 2660 a
447 2607 498 2660 che
511 2606 530 2660 il
543 2610 638 2661 nostro
652 2606 757 2660 Autore
769 2603 840 2658 volte
853 2602 900 2674 qui
913 2603 1064 2674 obbligarei

104 2694 124 2748 il
138 2693 281 2766 pensiero.
296 2693 358 2748 Indi
371 2681 508 2749 movendo
521 2693 595 2748 dalla
607 2693 721 2764 ragione
734 2709 749 2746 e
762 2692 834 2746 dalle
845 2689 941 2762 parole
951 2692 979 2746 di
989 2693 1064 2749 Dan·

106 2789 148 2854 te,
165 2785 258 2855 giusta
272 2784 291 2836 il
302 2783 413 2839 melodo
429 2784 522 2838 dame
537 2787 729 2838 strettamente
742 2787 883 2838 asservato
892 2783 967 2837 nella
976 2783 1063 2838 rinte-

107 2873 237 2945 granione
253 2873 299 2928 del
314 2874 395 2929 Teste
411 2874 483 2928 delle
499 2889 549 2929 sue
566 2874 673 2945 Opere,
690 2872 774 2927 oredo
790 2872 815 2926 ci
833 2870 857 2924 si
875 2871 995 2927 rendere
1012 2871 1062 2943 piel

106 2964 220 3032 agevoie
244 2961 273 3016 di
292 2963 366 3034 quivi
384 2961 521 3017 ravvisare
538 2963 557 3017 il
579 2962 713 3031 legittimo
733 2964 881 3026 oostrutto‚
906 2959 977 3013 onde
998 2961 1062 3028 pote

106 3050 271 3122 esprimersi
292 3051 385 3122 quella
405 3056 544 3106 sentenza.
564 3051 594 3105 L’
606 3051 733 3118 istanca,
755 3047 848 3104 chesi
871 3048 1063 3119 supporrebbe

107 3141 177 3196 latta
187 3144 283 3196 contro
293 3139 338 3194 all'
348 3144 510 3210 argomento
524 3154 606 3209 sopra
616 3139 744 3207 addotto,
761 3137 875 3193 riescea
890 3142 999 3208 questo,
1008 3137 1063 3191 che

106 3230 167 3286 cioe
186 3232 243 3301 pao
259 3230 314 3286 ben
329 3231 417 3286 talora
436 3229 471 3284 da
484 3229 530 3284 ohi
545 3245 624 3285 cerea
638 3229 658 3282 il
674 3229 731 3300 fine
745 3228 791 3284 del
804 3229 913 3286 Diritto
930 3227 1063 3282 ottenersi

107 3336 171 3377 esso
185 3319 243 3391 fine
255 3336 337 3376 senza
352 3335 452 3375 avenne
466 3319 486 3374 il
501 3317 610 3373 Diritto
619 3357 628 3386 ‚
645 3334 660 3372 e
675 3318 726 3372 che
742 3318 839 3392 quindi
853 3319 910 3391 line
923 3333 938 3372 e
952 3315 1064 3370 Dirittc

108 3425 231 3482 possono
246 3415 320 3466 stare
335 3409 479 3481 disginnti,
497 3408 633 3464 ancorohe
649 3407 752 3462 semhri
768 3409 818 3464 ohe
829 3408 857 3464 la
871 3419 1064 3477 consepnenza

108 3499 265 3558 surritertta
277 3501 350 3571 porti
363 3501 414 3556 ohe
427 3500 444 3554 l’
455 3516 510 3555 uno
523 3501 545 3554 s'
556 3497 736 3570 accompagni
748 3499 793 3553 all’
802 3499 873 3554 altro
886 3492 1064 3566 inseparabil-

108 3595 215 3648 mente.
234 3587 256 3644 E
271 3589 312 3646 cio
325 3589 348 3646 si
361 3587 580 3646 verificherehhe
594 3605 645 3659 per
660 3587 751 3646 simile
770 3587 870 3658 modo,
886 3586 938 3642 che
958 3583 1082 3641 Ariste.
