2560 4022
167 170 205 226 20
441 175 480 216 DE
497 174 623 218 vulcam
641 174 832 224 ELOQUENTIA.

111 325 113 332 ⁴
173 312 255 365 eam,
281 309 340 367 qua
365 287 494 348 intentes
520 287 690 348 adsuefiunt
713 289 751 348 ab
778 286 1004 360 adsistentibus,
1028 305 1105 348 cum·

172 392 310 473 primitus
327 389 508 468 distinguere
528 411 617 454 voces
637 393 792 472 incipiunt:
809 397 856 456 vel
878 396 958 473 quod
978 394 1106 456 brevius

174 502 231 563 dici
248 506 355 580 potest,
373 502 525 578 Volucrem
539 499 722 562 locutionem
737 501 915 574 asserimus,
931 521 1022 578 quam
1035 499 1107 562 sine

123 621 155 667 20
173 607 255 670 omni
284 608 400 684 regula,
428 606 578 668 nutricem
602 605 766 680 imitantes,
795 605 966 684 accipimus.
990 604 1045 664 Est
1071 608 1100 664 et

171 715 243 776 inde
260 713 318 774 alia
329 713 439 774 locutio
453 713 630 774 secundaria
643 713 744 788 nobis,
758 733 850 791 quam
858 711 987 773 Romani
998 711 1110 771 eram--

173 827 310 886 malicum
332 828 524 885 vocaverunt.
544 825 630 886 Hanc
648 824 769 902 quidem
786 821 995 884 secundariam
1009 819 1106 882 Graeei

174 929 301 1000 habent,
316 931 346 988 et
363 926 422 1000 alii,
437 927 491 1010 sed
507 947 568 989 non
585 946 700 988 omnes.
715 927 761 988 Ad
775 925 912 988 habitum
926 944 997 985 vero
1012 925 1104 1002 hujus

175 1034 263 1113 pauci
279 1033 470 1112 perveniunt,
487 1033 632 1111 quianon
655 1034 712 1096 nisi
728 1055 782 1114 per
806 1035 938 1114 spatium
958 1031 1112 1110 temporis-

128 1159 156 1204 25
175 1145 206 1201 et
234 1138 323 1200 studii
351 1139 557 1200 assiduitatem
580 1141 765 1217 regulamur,
791 1144 820 1200 et
848 1139 1051 1200 doctrinamur
1072 1137 1107 1199 in

174 1247 235 1308 illa.
251 1247 367 1307 Harum
386 1265 505 1324 quoque
523 1247 652 1306 duarum
668 1244 794 1307 nobilior
811 1249 857 1305 est
873 1240 1021 1319 Vulgaris,
1040 1246 1106 1300 tum

177 1354 249 1432 quia
263 1353 360 1432 prima
374 1353 429 1413 fuit
441 1354 574 1416 humano
592 1351 700 1414 Generi
716 1351 839 1424 usitata,
857 1355 922 1409 tum
938 1349 1008 1425 quia
1025 1352 1110 1408 totus,

176 1459 258 1520 orbis
277 1459 344 1537 ipsa
369 1456 544 1537 perfruitur,
564 1457 633 1516 licet
658 1455 690 1516 in
710 1455 844 1515 diversas
870 1451 1051 1530 prolationes
1079 1455 1108 1511 et

178 1568 324 1628 vocabula
341 1563 379 1626 sit
396 1563 506 1639 divisa3
522 1568 587 1624 tum
602 1562 672 1640 quia
688 1560 832 1622 naturalis
854 1566 900 1622 est
920 1560 1019 1633 nobis,
1037 1578 1109 1619 oum

129 1689 159 1735 50
177 1679 228 1739 illa
244 1675 342 1756 potius
360 1671 522 1734 artificialis
541 1668 664 1742 existat3
683 1667 762 1728 etde
779 1666 837 1726 hac
853 1663 988 1724 nobiliori
1004 1670 1117 1726 nostra,

180 1789 227 1845 est
244 1779 369 1842 intentio
386 1781 580 1857 pertractare.

568 2031 666 2092 Carur
692 2030 726 2090 ll.

326 2237 393 2290 Quod
406 2237 472 2280 solus
485 2236 563 2279 Homo
576 2233 649 2278 hahet
663 2231 835 2276 commercium
849 2230 976 2274 sermonis.

265 2439 337 2500 Haec
347 2441 393 2498 est
402 2439 507 2498 nostra
521 2453 592 2495 vera
605 2433 702 2512 prima
714 2432 838 2495 locutio:
853 2451 915 2492 non
929 2429 994 2492 dico
1008 2437 1116 2492 aulem

184 2553 298 2624 nostro,
315 2550 347 2606 ut
364 2545 390 2605 si
406 2543 496 2604 aliam
509 2543 547 2604 sit
561 2561 628 2604 esse
644 2539 838 2614 locutionem,
857 2559 949 2618 quam
965 2538 1112 2600 hominis:

182 2672 259 2716 nam
276 2671 394 2725 eorum,
412 2670 478 2728 quac
495 2656 565 2726 sunt
581 2649 729 2723 omnium,
744 2647 800 2710 soli
815 2644 928 2708 homini
945 2645 1050 2703 datum
1067 2647 1114 2703 est

187 2759 283 2836 loqui,
299 2778 369 2820 cum
389 2761 488 2820 solum
509 2757 564 2819 sibi
584 2755 789 2819 necessarium
809 2752 873 2814 fuit.
889 2752 958 2812 Non
975 2749 1120 2827 Angelis,

151 2883 250 2941 pnon
269 2862 458 2924 interioribus
477 2861 656 2922 animalibus
676 2859 882 2920 necessarium
897 2857 966 2918 fuit:
987 2857 1042 2918 sed
1059 2875 1112 2916 ne-

188 2953 350 3046 quicquam
363 2968 468 3028 datum
481 2965 587 3027 fuisset
601 2965 656 3039 eis;
672 2965 751 3042 quod
764 2984 874 3044 nempe
888 2965 986 3026 facere
1000 2963 1115 3025 Natura

189 3071 341 3131 abhorret.
363 3069 394 3130 Si
415 3069 526 3130 etenim
548 3068 757 3147 perspicaciter
779 3069 1021 3144 consideremus,
1043 3070 1119 3148 quid-

191 3197 261 3239 cum
285 3175 435 3254 loquimur
460 3176 666 3249 intendamus,
689 3181 785 3254 patet,
816 3178 896 3254 quod
922 3176 995 3238 nihil
1020 3175 1116 3248 aliud,

191 3302 284 3362 quam
304 3285 415 3342 nostrae
435 3280 544 3342 mentis
567 3283 726 3343 enucleare
746 3281 811 3342 aliis
833 3287 1021 3360 conceptum.
1039 3280 1122 3342 Cum

144 3409 174 3456 10
192 3389 280 3468 igitur
296 3388 402 3466 Angeli
418 3389 456 3449 ad
473 3390 649 3467 pendendas
665 3389 809 3466 gloriosas
827 3409 932 3452 eorum
953 3390 1123 3470 conceptio·

191 3519 247 3562 nes
262 3498 392 3560 habeant
406 3495 662 3578 promptissimam
674 3499 765 3574 atque
779 3494 960 3558 ineffabilem
970 3490 1123 3556 sufficien-
