2560 4022
430 163 517 206 tinen
534 164 653 208 antuus.
972 155 1009 214 29

79 302 342 371 commendabant,
367 299 421 361 sed
441 301 568 376 graviter
593 300 790 374 detestantes,
813 301 1006 363 stoliditatem

81 409 261 488 operantium
279 406 469 467 deridebant.
483 405 543 468 Sed
555 405 619 466 haec
636 404 762 466 minima
773 426 844 484 pars
858 411 1005 484 quantum

80 519 114 578 ad
132 534 295 578 numerum
315 513 371 574 luit
392 513 431 573 de
457 511 571 574 semine
592 511 677 585 Sem,
699 512 776 572 sicut
796 511 932 590 conjicio,
954 511 1005 590 qui

79 623 127 683 luit
143 622 248 683 tertius
267 621 348 681 filius
368 617 450 680 Noe:
468 620 505 679 de
528 638 587 696 qua
604 618 727 695 quidem
747 621 831 678 ortus
849 624 893 680 est
915 639 1005 696 popu·
1027 630 1059 676 oo

79 731 122 790 lus
143 729 251 801 lsrael,
273 725 326 804 qui
354 723 563 802 antiquissima
582 719 732 782 locutione
753 725 822 782 sunt
845 720 891 782 usi
911 740 1007 798 usque

77 837 115 896 ad
130 854 216 897 suam
234 832 466 911 dispersionem.

450 1071 547 1133 Cleua
567 1074 639 1133 VIII.

173 1259 314 1304 Subdivisto
325 1258 448 1302 idiomatis
458 1269 500 1311 per
511 1258 594 1302 orbem
604 1261 628 1302 et
637 1259 760 1312 praeatpue
769 1259 794 1302 in
804 1259 908 1313 Europa.

153 1468 200 1528 Ex
230 1465 412 1544 praecedenti
437 1471 606 1527 memorata
634 1467 809 1528 confusione
838 1466 1007 1543 liuguarum

76 1590 135 1631 non
149 1571 254 1630 leviter
270 1569 445 1647 opinamur,
463 1590 517 1647 per
533 1570 673 1634 unirersa
689 1573 794 1634 mundi
808 1573 942 1647 climata,
960 1572 1009 1634 oli-

77 1679 251 1752 matumque
266 1675 370 1752 plagas
384 1673 575 1748 incolendas,
587 1681 616 1736 et
631 1677 770 1753 angulos,
785 1683 855 1740 tuno
869 1677 1007 1739 homines

79 1781 213 1859 primum
232 1780 323 1842 luisse
345 1780 508 1860 dispersos.
530 1783 568 1842 Et
588 1801 658 1842 cum
673 1783 771 1842 Radix
787 1784 927 1842 humauae
942 1800 1008 1859 pro·

79 1886 194 1966 paginis
221 1885 422 1966 principaliter
448 1885 480 1947 in
498 1887 558 1948 oris
579 1886 780 1950 Orientalibus
800 1886 839 1946 sit
858 1887 1008 1965 plantata3
1029 1895 1047 1939 ὁ

80 2013 134 2058 uec
152 2013 214 2056 non
231 1991 358 2054 abinde
375 1993 414 2053 ad
431 1997 591 2071 utrumque
607 1995 685 2054 latus
705 2013 760 2072 per
776 1992 899 2056 diffusos
916 1992 1011 2054 molti-

82 2100 192 2178 pliciter
212 2099 352 2177 palmites
377 2104 482 2160 nostra
502 2099 540 2160 sit
566 2105 690 2163 extensa
710 2119 859 2180 propago;
884 2101 1008 2162 demum

81 2207 117 2268 ad
132 2206 207 2266 lines
222 2204 432 2266 Occidentales
450 2210 601 2283 protracta
617 2211 675 2280 est,
691 2208 770 2270 unde
784 2205 921 2283 primitus
935 2210 1007 2266 tunc

82 2312 127 2372 rel
141 2310 233 2372 totius
245 2310 375 2387 Europae
392 2309 528 2384 flumina,
542 2311 590 2370 vel
606 2311 714 2372 saltem
728 2311 865 2388 quaedam
879 2311 1006 2373 rationa-

83 2417 122 2478 lia
137 2423 256 2495 guttura
271 2423 460 2497 potaverunt.
478 2419 538 2480 Sed
555 2420 616 2482 siva
637 2422 759 2482 advenae
780 2427 851 2482 tunc
870 2421 1007 2498 primitus
1027 2429 1060 2475 1⁰

84 2523 284 2600 advenissent,
307 2527 369 2588 sive
393 2528 431 2588 ad
453 2527 605 2605 Europam
626 2527 771 2605 indigenae
795 2528 1006 2604 repedassent,

85 2631 187 2694 idioma
201 2653 306 2696 seeum
322 2633 472 2696 trifarium
486 2634 623 2695 homines
641 2633 816 2705 attulerunt,
837 2635 867 2691 et
884 2631 1008 2692 afferen-

88 2737 154 2800 tlum
178 2740 238 2800 hoe
258 2739 308 2800 alii
330 2738 570 2814 meridionalem,
592 2737 640 2800 alii
666 2739 941 2816 septemtrionalem
960 2759 1008 2800 re·

88 2845 199 2919 glanem
224 2847 256 2907 in
281 2847 402 2927 Europa
427 2848 483 2910 sibi
509 2847 604 2910 sortiti
630 2852 716 2922 sunt3
745 2854 775 2908 at
804 2847 898 2920 tertii,
932 2867 1008 2924 quos

88 2971 161 3014 nuuc
180 2953 301 3015 Graecos
318 2973 475 3027 vocamus,
496 2962 614 3033 partem
633 2953 774 3030 Europae,
790 2953 909 3030 partem
928 2949 1007 3012 Asiae
1028 2962 1059 3008 to

90 3062 278 3136 occuparunt.
303 3059 351 3120 Ab
372 3078 432 3120 uno
453 3063 571 3137 postea,
593 3060 759 3136 eodemque
783 3056 937 3132 idiomate,
956 3057 1009 3120 im·

91 3167 194 3226 nunda
209 3166 386 3228 confusione
402 3172 536 3244 recepto,
559 3164 677 3226 diversa
692 3165 831 3242 Vulgaria
851 3170 1009 3227 traxerunt

91 3270 239 3351 originem,
257 3272 334 3334 slent
349 3272 473 3333 inferius
495 3274 699 3333 ostendemus.
716 3274 794 3366 llam
811 3278 907 3334 totum
928 3275 1009 3351 quod

92 3377 121 3437 ab
145 3379 229 3440 ostiis
254 3383 302 3439 est
323 3375 464 3451 Danubii,
486 3375 548 3438 sive
569 3375 705 3436 Meotidis
730 3377 888 3454 paludibus
914 3396 1012 3454 usque

92 3485 122 3545 ad
142 3483 219 3546 fines
239 3483 448 3546 Oooidentales
470 3481 533 3560 (qui
554 3480 680 3558 Angliae,
706 3482 862 3557 Italorum,
884 3483 1011 3543 Franco·
1032 3483 1064 3528 2⁰
