2578 4038
95 173 100 180 ¹
178 192 233 248 276
530 202 568 244 us
586 203 764 245 nouancrnn.

178 340 273 414 illius,
291 354 372 414 quam
390 352 467 392 unua
484 334 518 391 da
533 332 687 409 Seraphim
707 333 816 408 accepit
831 333 865 390 de
878 329 978 390 Alteri
994 333 1116 410 coelesti,

178 449 204 504 at
228 444 319 520 tatipit
341 441 419 500 lobia
441 438 550 512 Isara·
576 437 765 515 gymnasium
791 454 924 513 praesens
949 433 1115 513 ingrediar.

178 555 215 614 Et
234 553 264 613 in
286 549 407 612 brachio
427 547 519 621 Illius,
540 546 589 625 qui
614 565 670 608 nos
692 547 729 606 de
749 547 898 622 potestate
915 543 1113 602 tenebrarum

128 669 159 716 ‘to
175 657 311 721 liberavit
334 657 366 716 in
391 653 541 730 Sanguine
568 671 637 724 suo,
662 650 787 728 impium
814 657 903 726 atque
930 651 1112 709 mendacem

177 765 215 826 de
234 765 387 843 palaestra,
405 764 559 839 spectante
575 758 701 829 mundo,
719 756 844 833 ejiciam.
865 755 943 828 Quid
963 755 1112 815 timeam?

167 888 270 948 ,quum
291 866 417 945 Spiritus
439 863 520 924 Patri
548 870 578 924 et
601 861 674 921 Filio
703 867 870 922 coaeternus
899 859 978 920 dieat
999 879 1056 937 per
1075 877 1112 919 os

175 972 285 1034 David:
299 973 336 1032 In
355 973 491 1031 memoria
505 977 613 1030 oeterrra
626 971 682 1029 erit
688 971 802 1045 justus,
818 970 853 1028 ab
868 970 1017 1030 auditione
1032 969 1113 1028 mola

175 1078 366 1139 nontimebit.
388 1073 519 1148 Quaestio
540 1074 628 1151 igitur
649 1093 800 1153 praesens,
823 1076 860 1134 de
882 1094 942 1152 qua
957 1074 1112 1153 inquisitio

128 1201 154 1244 aa
174 1185 275 1245 lutura
291 1187 349 1255 est,
362 1182 440 1242 inter
454 1183 514 1241 duo
527 1179 698 1240 Luminaria
712 1199 822 1256 magna
832 1185 984 1254 versatur,
1001 1181 1112 1241 Roma·

173 1308 248 1350 num
262 1287 374 1349 scilicet
387 1287 550 1360 Pontificem
565 1290 594 1345 et
608 1285 779 1346 Romanum
793 1287 975 1362 Principem·
987 1290 1017 1346 et
1032 1305 1112 1364 quae·

173 1397 260 1470 ritur,
278 1399 380 1456 utrum
396 1394 559 1454 auctoritas
575 1393 744 1452 Mandroioe
760 1391 903 1464 Romani,
922 1391 973 1467 qui
989 1392 1027 1451 de
1041 1393 1109 1468 jure

173 1499 333 1560 Monarcia
346 1497 450 1558 mundi
465 1501 524 1570 est,
540 1501 573 1556 ut
587 1495 618 1557 in
631 1499 753 1557 seeundo
767 1497 855 1557 Libro
870 1497 1033 1574 probatum
1047 1503 1107 1569 est,

173 1607 345 1669 immediate
360 1626 378 1667 a
395 1605 457 1667 Deo
480 1606 664 1683 dependeat,
687 1623 726 1663 an
744 1605 782 1663 ab
804 1603 902 1680 aliquo
919 1601 974 1662 Dei
991 1600 1108 1666 Vieario

123 1723 153 1769 ao
171 1713 219 1773 vel
243 1711 398 1786 ministro,
427 1729 519 1788 quem
545 1709 625 1772 Petri
652 1709 866 1770 Successorem
889 1707 1034 1784 intelligo,
1058 1706 1108 1784 qui

173 1833 243 1876 vere
261 1821 307 1877 est
321 1815 456 1892 Claviger
473 1815 568 1892 Regni
585 1814 746 1875 Goelorum.

561 2057 660 2117 Gneus
682 2059 716 2118 Il.

330 2239 407 2283 Deum
418 2239 481 2282 nollo
492 2249 547 2291 quae
559 2239 686 2281 intentioni
697 2240 798 2284 Naturae
809 2244 951 2294 repugnant.

252 2435 299 2495 Ad
316 2435 496 2513 praesentem
514 2435 710 2512 quaestionem
728 2435 958 2510 discutiendam,
979 2435 1056 2498 sicut
1072 2437 1105 2498 in

172 2533 376 2620 superioribus
395 2547 441 2603 est
460 2551 629 2621 peractum,
652 2544 773 2620 aliquod
794 2543 971 2622 principium
989 2550 1035 2605 est
1056 2565 1104 2606 su·

172 2650 330 2723 mendum,
354 2649 385 2708 in
410 2648 517 2712 virtute
543 2652 643 2729 eujus,
667 2649 835 2728 aperienda
861 2651 992 2712 veritatis
1016 2671 1103 2732 argu·

171 2761 274 2818 menta
294 2757 470 2818 formentur.
495 2757 573 2818 Nam
601 2757 665 2818 sine
685 2757 809 2835 praelixo
832 2756 988 2836 principio,
1011 2757 1102 2820 etiam

138 2879 151 2924 a
171 2882 240 2924 vera
255 2863 395 2938 dicendo,
410 2863 549 2924 laborare
566 2864 637 2941 quid
651 2849 794 2940 prodest?
812 2882 906 2940 quum
922 2863 1100 2943 principium

170 2969 269 3031 solum
285 2969 541 3030 adsumendorum
557 2966 725 3028 mediorum
742 2968 780 3028 sit
795 2968 890 3028 radix.

249 3077 322 3138 Haeo
337 3076 424 3153 igitur
439 3073 649 3150 irrefragabilis
670 3073 780 3134 veritas
797 3072 1007 3151 praemittatur,
1026 3073 1103 3135 soili-

170 3189 217 3242 cet
232 3201 247 3236 a
260 3183 340 3257 quod
355 3181 436 3254 illud,
450 3183 529 3258 quod
539 3181 660 3242 Naturae
673 3179 829 3242 intentioni
845 3187 1002 3258 repugnat,
1017 3182 1100 3242 Deus

167 3287 248 3372 nolit.
268 3309 282 3340 s
300 3286 378 3347 Nam
395 3287 420 3346 si
437 3287 495 3349 hoo
511 3307 618 3349 verum
638 3308 699 3350 non
717 3294 810 3362 esset,
833 3289 1098 3352 contradictorium

119 3404 148 3450 io
167 3395 232 3470 ejus
253 3413 314 3454 non
342 3397 422 3453 esset
442 3393 568 3468 falsum;
595 3395 675 3472 quod
698 3401 758 3456 est:
779 3417 793 3448 a
816 3395 913 3456 Deum
935 3416 996 3458 non
1018 3396 1099 3458 nolle

168 3499 248 3572 quod
264 3498 385 3557 Naturae
401 3495 558 3599 intentioni
578 3504 732 3575 repugnat.
753 3521 767 3552 ›
787 3499 824 3558 Et
845 3499 870 3559 si
891 3501 947 3560 hoo
968 3519 1030 3560 non
1051 3507 1099 3561 est
