2560 4022
165 215 167 220 ,
250 179 286 236 32
523 191 560 232 ne
578 187 704 232 vuraam
722 181 912 234 nnoouarrn.

207 341 234 384 rr
333 320 433 393 Quare
450 322 551 380 autern
568 315 678 378 trifarie
694 312 886 393 principalius
903 309 1052 372 variatum
1068 309 1120 383 sit,
1139 309 1186 371 in·

254 426 448 504 vestigemus,
469 432 499 486 et
514 442 608 502 quare
629 420 767 500 quaelibet
786 419 912 480 istarum
929 414 1129 512 variationum
1151 415 1183 476 in

254 552 287 594 se
304 533 369 610 ipsa
384 530 528 603 varietur,
549 534 621 608 puta
639 529 750 589 dextrae
768 524 857 585 ltaliae
874 521 983 583 locutio
1000 522 1038 581 ab
1056 540 1092 582 ea
1114 541 1183 600 quoe

255 643 300 697 est
320 636 463 709 sinistrae;
488 653 560 694 narn
584 633 670 694 aliter
690 630 837 705 Paduani,
858 636 888 692 et
909 629 995 691 aliter
1014 629 1115 690 Pisani
1141 631 1184 690 lo-

253 749 399 818 quuntur;
416 746 446 802 et
463 760 556 818 quare
571 740 695 800 vicinius
709 739 878 800 habitantes
893 739 991 800 adhuc
1007 737 1182 815 discrepant

204 862 233 906 50
252 851 282 911 in
298 852 462 928 loquendo,
479 854 512 910 ut
528 849 766 912 Mediolanenses
783 849 1029 942 etEVeronenses,
1049 845 1181 906 Romani

253 964 283 1019 et
302 955 478 1031 Florentini,
495 976 629 1018 necnon
650 958 859 1019 convenientes
876 955 907 1016 in
929 957 1036 1016 eodem
1057 952 1181 1014 nomine

254 1061 362 1140 gentis,
384 1067 417 1121 ut
432 1061 620 1139 Neapolitani
642 1068 671 1122 et
692 1061 840 1140 Cajetani,
860 1061 1051 1121 Ravennates
1074 1066 1104 1120 et
1124 1060 1178 1120 Fa·

253 1168 374 1242 ventini,
392 1173 421 1229 et
436 1170 516 1246 quod
533 1169 697 1229 mirabilius
716 1173 774 1242 est,
793 1168 849 1228 sub
867 1168 973 1228 eadem
988 1165 1105 1226 civitate
1119 1185 1181 1228 mo·

252 1280 369 1348 rantes,
385 1278 417 1335 ut
431 1274 637 1336 Bononienses
651 1275 741 1352 Burgi
755 1275 784 1336 S.
797 1274 917 1347 Felicis,
932 1280 962 1335 et
974 1273 1180 1334 Bononienses

206 1389 233 1434 55
252 1381 359 1442 Stratae
383 1381 513 1459 Majoris.
533 1381 584 1440 Eae
610 1400 716 1441 ornnes
739 1380 922 1453 differentiae,
950 1384 1040 1458 atque
1065 1398 1179 1440 sermo·

250 1507 325 1547 num
344 1489 518 1561 varietates,
539 1507 605 1565 quae
622 1487 773 1561 accidunt,
794 1508 855 1548 una
875 1489 1042 1564 eademque
1062 1485 1178 1549 ratione

251 1594 405 1669 patebunt.
426 1593 557 1656 Dicimus
580 1615 663 1674 ergo,
687 1596 767 1673 quod
788 1595 887 1657 nullus
909 1595 1033 1676 effeetus
1053 1597 1177 1673 superat

251 1719 339 1760 suam
363 1720 519 1775 caussam,
546 1703 577 1762 in
605 1709 753 1781 quantum
774 1705 899 1764 effectus
926 1710 986 1775 est,
1011 1701 1081 1779 quia
1108 1700 1181 1761 nihil

250 1809 348 1883 potest
366 1806 499 1880 efficere,
517 1807 597 1882 quod
614 1827 676 1868 non
693 1812 747 1868 est.
763 1807 840 1870 Cum
856 1805 943 1884 igitur
959 1804 1056 1865 omnis
1071 1809 1178 1864 nostra

202 1921 231 1967 40
250 1911 368 1990 loquela
383 1909 505 1992 (prater
518 1914 601 1974 illam
613 1913 725 1975 homini
739 1913 835 1991 primo
851 1920 1041 1974 concreatum
1056 1933 1073 1972 a
1091 1911 1179 1992 Deo),

252 2021 290 2083 sit
307 2042 325 2083 a
344 2030 448 2084 nostro
465 2023 651 2100 beneplacito
672 2027 811 2102 reparata
831 2027 900 2100 post
920 2021 1125 2085 confusionem
1146 2009 1180 2080 il·
1272 2029 1273 2038 ¹

252 2127 328 2200 lam,
347 2145 413 2202 quae
429 2126 470 2186 nil
486 2125 541 2185 fuit
556 2127 652 2199 aliud,
671 2147 762 2204 quam
778 2127 885 2206 prioris
903 2127 1025 2200 oblivio,
1041 2132 1070 2188 et
1086 2127 1179 2188 homo
1245 2163 1250 2176 ·

253 2229 290 2290 sit
305 2228 574 2304 instabilissimunr,
593 2236 683 2308 atque
700 2231 960 2318 variabilissimum
977 2235 1100 2307 animal,
1121 2254 1178 2296 nec

254 2333 396 2395 durabilis
412 2353 469 2396 nec
485 2335 625 2396 continua
642 2356 709 2398 esse
726 2343 841 2416 potest,
859 2341 913 2400 sed
931 2339 1007 2402 sicut
1024 2339 1094 2413 alia,
1113 2360 1180 2417 quae

206 2456 234 2501 ro
254 2445 358 2500 nostra
374 2446 456 2514 sunt,
473 2445 546 2522 puta
559 2461 660 2503 mores
677 2451 706 2504 et
719 2443 853 2520 habitus,
870 2466 925 2526 per
940 2447 1089 2520 locorum,
1104 2451 1179 2508 tern-

253 2565 422 2626 porumque
444 2547 599 2608 distantias
617 2550 726 2611 variari
745 2557 870 2630 oportet.
895 2553 958 2614 Nec
982 2553 1181 2614 dubitandum

233 2733 236 2741 Ι
253 2671 322 2712 reor
338 2655 428 2714 modo
445 2653 476 2716 in
496 2675 532 2716 eo
549 2658 629 2733 quod
645 2657 773 2721 diximus
794 2665 965 2738 temporum
982 2659 1122 2722 distantia
1137 2661 1179 2720 lo·

254 2758 406 2820 cutionem
422 2761 542 2834 variari,
558 2765 611 2824 sed
627 2766 726 2842 potius
742 2765 899 2844 opinamur
913 2768 1091 2839 tenendum;
1108 2785 1181 2826 nam

255 2865 280 2924 si
297 2865 355 2926 alia
371 2874 474 2928 nostra
492 2887 582 2947 opera
600 2879 836 2948 perscrutemur,
853 2875 947 2935 multo
962 2874 1057 2951 magis
1071 2873 1181 2934 discre-

201 2985 236 3029 ao
253 2991 327 3050 pare
343 2973 479 3034 videmur
497 2993 515 3034 a
531 2975 739 3036 vetustissimis
757 2976 927 3038 concivibus
944 2978 1070 3050 nostris,
1089 2995 1182 3054 quam

256 3098 274 3137 a
295 3079 446 3140 coetaneis
467 3079 699 3157 perlonginquis.
720 3080 908 3159 Quapropter
929 3080 1072 3140 audacter
1093 3083 1183 3140 testa·

255 3203 336 3257 mur,
354 3185 435 3261 quod
452 3184 477 3244 si
492 3184 686 3246 vetustissimi
701 3183 863 3261 Papienses
880 3202 960 3244 nunc
976 3186 1182 3258 resurgerent,

255 3310 396 3351 sermone
415 3290 512 3364 vario,
530 3292 577 3352 vel
593 3291 711 3352 diverso
729 3309 797 3350 curn
814 3289 966 3350 modernis
984 3287 1183 3367 papiensibus

254 3397 448 3473 loquerentur
458 3422 465 3472 ;
483 3416 539 3460 neo
562 3399 647 3460 aliter
663 3399 772 3460 mirum
788 3398 923 3459 videatur
944 3397 1024 3475 quod
1041 3394 1182 3467 dicimus,

206 3519 234 3564 or
256 3523 348 3582 quarn
365 3504 535 3586 prospicere
555 3507 697 3586 Juvenem
714 3506 877 3581 exoletum,
900 3522 991 3583 quem
1012 3503 1185 3564 exolescere
