2560 4022
213 193 249 250 62
484 200 521 242 nu
539 199 664 242 runcum
681 195 873 245 nuooururu.

217 337 294 398 Sunt
307 333 386 395 enim
399 331 447 392 hic
464 329 596 408 quinque
614 327 755 389 dictiones
770 329 932 403 compactae
946 323 1139 401 regulariter,

217 448 247 504 et
268 460 360 502 unam
385 437 496 498 faciunt
516 434 778 497 constructionem.
805 431 891 492 Circa
914 431 1035 509 quidem
1061 431 1140 491 hanc

218 548 299 627 prius
311 544 560 607 considerandum
571 547 629 616 est,
641 541 722 619 quod
735 540 990 601 constructionum
1003 538 1062 599 alia
1077 557 1142 599 cou-

215 674 291 734 pruo
308 657 367 726 est,
385 651 442 711 alia
462 668 533 710 vero
550 651 713 734 ¹iueouprua
734 652 794 719 est;
814 651 843 706 et
865 645 947 723 quia,
971 645 995 705 si
1017 644 1142 722 primor-

168 779 195 826 rt
215 767 297 828 dium
311 766 388 830 bene
406 759 590 824 discretionis
607 767 717 820 nostrae
734 759 904 832 recolimus,
919 757 985 818 sola
998 775 1143 834 suprema

215 890 361 932 venamur
367 894 374 944 ;
392 869 508 929 nullum
523 868 554 929 in
571 874 675 928 nostra
692 865 849 927 venatione
869 866 970 927 locum
989 865 1083 926 habet
1097 865 1141 924 iu-

216 998 360 1058 couqruo,
381 975 450 1053 quia
470 973 642 1035 inferiorem
663 975 789 1052 gradum
806 971 945 1033 bonitatis
966 968 1140 1050 promeruit.

218 1084 333 1144 Pudeat
346 1101 429 1158 ergo,
439 1081 550 1157 pudeat
562 1077 667 1139 idiotas
682 1083 800 1139 tantum
813 1079 924 1139 audere
938 1077 1093 1156 deinceps,
1108 1085 1141 1138 ut

151 1176 152 1179 ¹
215 1189 254 1249 ad
271 1189 421 1248 Cautiouea
441 1190 655 1265 prorumpant3
677 1205 752 1262 quos
769 1205 830 1246 non
851 1184 937 1245 aliter
954 1184 1139 1255 deridemus,

170 1306 199 1352 20
219 1310 310 1370 quam
327 1309 440 1350 caecum
457 1291 494 1350 de
511 1290 660 1351 coloribus
677 1275 917 1367 distinguentem.
936 1289 991 1350 Est
1010 1295 1043 1349 ut
1063 1287 1141 1348 vide·

214 1403 264 1458 tur
280 1416 419 1475 eouprue,
435 1415 527 1473 quam
544 1401 711 1456 sectamur:
729 1396 782 1456 sed
799 1415 862 1456 non
877 1393 1000 1454 minoris
1018 1391 1140 1453 difficul-

214 1507 283 1569 tatis
301 1505 407 1567 aecidit
424 1503 575 1577 discretio,
593 1502 782 1581 priusquam,
800 1521 892 1578 qnam
907 1499 1082 1578 quaerimus,
1098 1503 1140 1560 at·

215 1611 378 1688 tingamus,
389 1611 524 1671 videlicet
536 1609 706 1670 urbanitate
715 1608 928 1688 plenissimam.
939 1607 1017 1668 Sunt
1028 1606 1140 1667 etenim

191 1769 192 1772 η
215 1719 325 1796 gradus
340 1717 596 1778 constructionum
610 1717 816 1794 quamplures,
832 1713 968 1776 videlicet
979 1711 1136 1790 insipidus

167 1836 193 1881 25
214 1825 264 1903 qui
281 1833 327 1886 est
343 1823 474 1898 rudium,
491 1829 539 1884 ut:
557 1825 660 1884 Petrus
676 1831 754 1884 ornet
770 1824 890 1883 multum
905 1822 1052 1882 domiuum
1069 1822 1140 1880 Ber-

213 1938 282 1990 tcm.
302 1930 357 1991 Est
379 1947 453 2008 pure
470 1928 603 2005 sapidus,
621 1929 672 2005 qui
692 1933 738 1988 est
760 1928 923 2004 rigidorum
940 1925 1138 1998 scholarium,

213 2037 260 2098 vel
273 2036 497 2112 magistrorum,
516 2043 563 2096 ut:
581 2038 663 2113 Pipet
677 2057 720 2096 me
735 2039 919 2116 miserorum,
938 2039 988 2097 sed
1002 2037 1137 2112 pietatem

212 2143 350 2216 umjorem
369 2141 485 2199 illorum
503 2141 603 2217 habeo,
624 2141 790 2218 quicumque
810 2143 841 2200 iu
857 2143 941 2201 emilie
957 2143 1139 2218 tabescentes,

207 2249 339 2326 patriam
350 2253 462 2306 tuntum
474 2247 642 2308 somniando
657 2249 793 2308 revisunt.
803 2249 857 2309 Est
867 2256 896 2310 et
909 2247 1030 2326 sapidus
1046 2252 1076 2308 et
1089 2267 1136 2309 ve

165 2366 193 2412 ³0
212 2357 333 2426 nustuS,
352 2351 402 2430 qui
416 2357 462 2412 est
472 2353 672 2430 quorumdam
682 2353 839 2432 superficie
853 2359 940 2414 tenus
955 2352 1137 2415 rethoricam

212 2459 426 2532 haurientium,
443 2465 489 2518 ut:
508 2457 681 2518 Laudabilia
697 2461 828 2519 discretio
843 2461 1022 2520 Merchiouia
1037 2461 1136 2520 usun-

212 2568 266 2644 ais,
282 2573 307 2626 et
326 2585 382 2626 suu
401 2565 626 2644 maquificeutiu,
637 2573 809 2644 preparato
823 2567 943 2644 eunctis,
964 2567 1045 2626 dium
1063 2566 1137 2640 fecit

212 2694 270 2734 esse
285 2675 424 2734 dilectum.
442 2672 495 2734 Est
512 2655 541 2734 et
557 2673 691 2751 sapidus,
709 2679 739 2734 et
754 2679 911 2745 venustus,
929 2671 1020 2732 etiam
1037 2678 1067 2732 et
1087 2690 1136 2732 ex·

213 2776 325 2850 celsus,
336 2776 386 2854 qui
400 2779 446 2836 est
459 2776 637 2837 dictatorum
649 2775 819 2851 illustrium,
834 2783 881 2837 ut:
896 2779 996 2853 Eleate
1007 2780 1138 2839 munima

165 2906 192 2952 ee
205 2891 292 2964 parte
304 2886 411 2960 florum
427 2887 461 2945 de
481 2886 548 2946 mnu
566 2891 627 2962 tuo,
643 2882 807 2962 Florentia,
823 2885 1008 2962 nequicquam
1031 2885 1135 2944 diiun-

211 2994 302 3052 criem
325 2994 416 3053 Tettio
435 3011 517 3052 auus
536 2991 638 3052 odivit.
659 2989 747 3050 Hunc
763 2992 890 3067 gradum
905 2987 1135 3051 constructionis

214 3101 496 3162 excellentissimum
520 3099 726 3162 nominamus:
753 3100 850 3162 ethic
874 3104 920 3162 est
941 3119 1032 3178 quem
1056 3117 1135 3176 quae·

209 3207 317 3281 rimus,
347 3226 417 3268 cum
443 3227 583 3288 suprema
610 3228 766 3282 venemur,
790 3213 823 3269 ut
850 3208 962 3270 dictum
989 3215 1043 3270 est.
1068 3207 1136 3268 Hoc

211 3315 309 3376 solum
341 3315 470 3377 illustres
498 3315 647 3379 &utronea
671 3315 860 3378 inveniuntur
887 3320 1051 3389 contextae,
1081 3317 1134 3374 ut:

161 3436 190 3484 4ο
209 3423 375 3484 Gerardus:

369 3543 422 3600 nSi
437 3561 487 3616 per
501 3561 567 3600 mon
583 3543 752 3600 Sobra-Totz
767 3561 803 3600 no
817 3545 895 3602 sos.»
966 3611 969 3618 .
