2590 4038
212 175 267 230 230
563 185 602 226 on
620 185 797 226 nouandum.
850 209 852 212 -

215 317 273 394 tiu,
294 333 386 392 quam
407 318 436 374 et
456 315 602 374 Astreeum
622 315 777 375 vocabant.
796 317 937 378 Saturnio
956 339 1046 397 repuu
1066 320 1149 384 dice-

216 421 326 482 bantur
353 421 462 496 optimu
484 424 635 498 tempora,
656 440 723 497 quae
751 426 779 481 et
802 443 893 483 uureu
918 427 1145 505 nuncupabant.

212 525 330 586 lustitia
350 525 505 603 potissima
526 534 571 586 est
591 527 689 587 solum
717 529 773 588 sub
799 530 978 590 Mouurehu:
1005 551 1076 609 ergo
1104 533 1145 594 ad

213 633 358 711 optimam
378 631 483 691 mundi
503 630 729 708 dispositionem
752 633 913 710 requiritur
934 655 1003 696 esse
1023 639 1145 699 Monar-

163 739 324 816 turbium,
354 737 415 797 sive
439 738 608 815 Imperium.
629 737 677 798 Ad
705 739 884 801 evidentiam
910 744 1142 823 subadsumptae

209 841 418 922 propositionis
439 842 608 917 sciendum,
627 844 707 920 quod
727 845 847 904 Justuu
864 846 901 905 de
924 865 958 906 se
976 852 1006 907 et
1027 847 1059 908 in
1074 867 1143 926 pro·
1174 928 1181 939 Ι

213 951 278 1030 pria
294 956 403 1010 natura
418 948 621 1034 considerata,
636 952 681 1035 est
698 948 837 1024 quaedam
852 947 999 1009 rectitudo
1018 949 1080 1010 sive
1098 969 1143 1012 re·

212 1049 294 1124 gula,
312 1048 466 1122 obliquum
486 1045 555 1106 hinc
575 1046 645 1106 inde
665 1046 815 1123 abjiciens.
833 1046 870 1105 Et
892 1045 934 1106 sic
957 1065 1018 1106 non
1039 1045 1144 1123 recipit

210 1155 309 1231 majus
328 1158 357 1212 et
374 1150 487 1225 minuS,
505 1151 761 1228 quemadmodum
777 1151 884 1211 albedo
900 1150 931 1210 in
951 1170 1006 1212 suo
1028 1154 1144 1214 abstra-

165 1269 193 1314 15
213 1260 260 1317 oto
278 1254 482 1315 considerata:
499 1259 570 1313 sunt
587 1254 666 1314 enirn
682 1239 865 1332 hujusmodi
877 1257 981 1318 formae
1003 1261 1144 1335 quaedam

211 1357 420 1438 compositioni
446 1358 650 1434 contingentes
677 1363 706 1418 et
732 1359 932 1421 consistentes
963 1361 1089 1441 simplici
1110 1372 1142 1426 et
1171 1349 1192 1404 ¹·

209 1469 375 1532 invariabili
391 1469 535 1543 essentia,
553 1476 585 1528 ut
601 1470 744 1548 Mupister
761 1490 815 1531 sex
832 1471 1047 1550 principiorum
1061 1479 1144 1536 recte

211 1575 261 1639 ait.
282 1577 439 1655 Recipiunt
460 1583 563 1637 tamen
580 1575 675 1653 magis
696 1583 725 1638 et
749 1576 848 1638 minus
874 1577 964 1656 hujus
989 1579 1143 1656 qualitatis

211 1704 249 1746 ex
259 1693 345 1764 parte
355 1685 572 1763 subjectorum,
584 1705 602 1744 a
613 1683 720 1761 quibus
731 1683 964 1759 contrariantur,
974 1687 1143 1746 secundum

163 1808 192 1855 20
212 1794 293 1869 quod
313 1792 408 1870 magis
431 1797 459 1852 et
482 1791 582 1851 minus
603 1789 634 1850 in
655 1791 796 1868 subjectis
814 1792 851 1850 de
874 1791 1030 1851 contrariis
1049 1791 1143 1852 admi·

211 1903 320 1960 scetur.
339 1897 395 1958 Ubi
416 1916 487 1974 ergo
506 1897 664 1957 minimum
683 1898 719 1957 de
737 1897 885 1958 contrario
903 1898 1028 1960 lustitiae
1045 1900 1142 1960 admi·

210 2010 323 2069 sector,
334 2012 363 2064 et
377 2010 523 2080 quantum
536 2004 574 2062 ad
589 2005 733 2081 lubitum,
742 2008 772 2062 et
787 2009 933 2080 quantum
949 2005 987 2064 ad
1000 2007 1143 2082 operatio-

210 2129 286 2187 uem,
301 2109 341 2168 ibi
357 2109 372 2168 J
376 2108 473 2168 ustitia
488 2106 644 2184 potissima
661 2113 716 2166 est.
733 2107 770 2168 Et
789 2127 858 2168 vere
879 2113 950 2168 tunc
965 2113 1066 2186 potest
1078 2110 1142 2170 dici

210 2217 247 2276 de
267 2213 330 2284 illa,
350 2218 384 2273 nt
408 2213 597 2288 Philosophus
618 2211 728 2288 inquit:
751 2215 851 2290 Neque
877 2214 1026 2290 Hesperus
1049 2234 1141 2292 neque

162 2337 189 2382 25
209 2318 332 2392 lucifer
347 2319 391 2376 sic
406 2317 592 2375 admirabilis
606 2323 655 2374 est.
673 2315 725 2376 Est
743 2317 824 2377 enim
840 2322 912 2378 tunc
925 2319 1046 2380 Phoebae
1060 2321 1143 2381 simi·

208 2424 260 2500 lis,
281 2424 407 2483 fratrem
427 2421 640 2482 diametreliter
656 2420 783 2482 intuenti
807 2422 845 2482 de
863 2441 1020 2500 purpureo
1041 2429 1140 2484 matu·

208 2528 481 2600 tinaeserenitatis.
507 2529 659 2602 Quantum
686 2547 757 2604 ergo
783 2530 822 2589 ad
845 2531 989 2610 ubuum,
1017 2532 1141 2594 lustitia

211 2636 453 2710 contrarietatem
472 2637 568 2696 habet.
583 2637 764 2713 quandoque
780 2636 811 2696 in
826 2640 911 2716 vetle;
926 2659 998 2701 nam
1020 2642 1072 2701 ubi
1088 2661 1141 2702 vo·

209 2745 311 2806 luntas
331 2745 369 2804 ab
390 2742 472 2802 omni
491 2741 650 2819 cupiditate
670 2741 786 2802 sincera
812 2762 874 2804 non
895 2750 956 2820 est,
979 2745 1036 2806 etsi
1056 2747 1140 2806 adsit

162 2872 189 2918 50
209 2856 340 2930 lustitia,
361 2874 422 2915 non
445 2857 546 2912 tamen
561 2851 683 2911 omnino
702 2849 781 2910 inest
801 2851 963 2929 infulgere
980 2853 1140 2932 suaepuri·

210 2970 293 3032 tatis:
310 2967 402 3027 habet
424 2961 504 3023 enim
521 2960 703 3036 subjectum,
718 2956 787 3017 licet
813 2957 950 3032 minime,
968 2959 1139 3035 aliqualiter

210 3079 313 3136 tamen
333 3069 389 3129 sibi
409 3065 567 3127 resistens:
585 3070 707 3141 propter
728 3065 808 3140 quod
828 3064 905 3125 bene
931 3067 1135 3144 repelluntur,

130 3199 132 3204 ·
210 3178 259 3257 qui
271 3176 402 3254 judicem
414 3173 587 3251 passionare
600 3169 923 3254 conanturuQuantum
936 3191 1006 3231 vero
1021 3172 1059 3231 ad
1073 3193 1138 3250 ope·

208 3285 367 3357 rattouern,
387 3277 504 3340 lustitia
523 3274 764 3337 contrarietatem
784 3273 876 3336 habet
896 3275 926 3334 in
941 3295 1045 3354 posse;
1061 3295 1136 3337 nam

160 3403 186 3448 55
207 3411 277 3455 cum
301 3387 418 3449 lustitia
441 3384 479 3446 sit
503 3383 595 3445 virtus
619 3381 819 3455 adulterum,
842 3381 906 3443 sine
932 3383 1065 3461 potentia
1085 3384 1137 3444 tri·

207 3496 318 3561 buendi
334 3493 439 3571 cuique
456 3491 535 3568 quod
555 3509 645 3550 suum
666 3493 724 3563 est,
743 3489 892 3566 quomodo
910 3489 977 3567 quis
999 3487 1138 3568 operabi-
