2590 4038
480 279 565 321 marn
584 281 742 326 secuunus.
1023 273 1073 330 961

223 409 457 488 Dispositionem
472 430 543 472 vero
557 413 612 473 loci
630 415 777 478 subtiliter
793 419 886 494 tangit
901 419 933 479 in
952 431 1071 499 quarto,

141 519 213 577 oum
230 516 392 577 introducit
409 517 514 578 torem
530 520 568 578 ad
585 520 766 582 Mercurium
788 524 824 584 de
841 525 935 586 AEnea
951 527 1072 603 loquen·
1092 553 1122 597 60

141 631 203 685 tem
219 623 278 684 isto
295 623 402 683 modo:

228 822 291 876 Non
307 821 388 876 illurn
404 822 484 878 nobis
499 825 618 894 genitrix
632 828 820 899 pulcherrima
834 833 917 887 tatem
1025 865 1031 876 ·

228 911 377 980 Promisit,
395 912 565 986 Grajumque
581 917 643 970 ideo
657 917 699 974 bis
715 920 832 976 vindicat
848 924 946 992 armis;

229 999 286 1054 Sed
303 1001 362 1056 sore
379 1003 426 1073 qui
443 1005 583 1071 gravidam
600 1005 738 1078 imperiis,
756 1008 886 1082 belloque
901 1015 1064 1069 frementem

228 1089 339 1144 Italiam
356 1099 475 1161 regeret.
817 1092 820 1100 ’
1093 1105 1119 1151 ⁶5

221 1251 388 1327 Propterea
403 1253 476 1314 satis
494 1275 672 1332 persuasum
689 1265 748 1334 est,
763 1251 849 1340 ¹quod
869 1269 996 1345 populus
1017 1268 1073 1330 Ro·

139 1376 253 1457 manue
278 1356 395 1418 Natura
417 1360 571 1423 ordinatus
597 1365 652 1426 fuit
681 1369 720 1427 ad
750 1369 969 1446 imperandum.
997 1374 1074 1452 Ergo

139 1463 297 1524 Romanus
314 1466 442 1544 populus
460 1469 643 1547 subjiciendo
665 1473 720 1532 sibi
741 1475 869 1548 Orbem,
888 1479 925 1537 de
945 1480 1015 1538 ture
1037 1482 1074 1541 ad

139 1568 304 1648 imperium
321 1571 410 1632 venit.

519 1831 616 1892 Greur
631 1832 702 1892 VIII.

175 2015 287 2058 Romano
297 2015 386 2068 populo
397 2013 527 2068 Imperium
536 2019 685 2072 competere,
695 2017 787 2072 judicio
798 2019 841 2063 Dei
856 2022 983 2065 ostensum
996 2026 1041 2066 est.

223 2218 270 2279 Ad
285 2221 364 2280 bene
378 2237 499 2296 quoque
513 2223 686 2284 venandum
696 2225 852 2288 veritatem
863 2229 989 2305 quaesiti,
1001 2232 1077 2291 scire

140 2338 283 2409 oportet,
305 2330 385 2406 quod
408 2330 539 2389 divinum
561 2329 709 2390 Iudicium
728 2330 758 2390 in
784 2333 874 2393 rebus
896 2335 1077 2410 quandoque

142 2435 318 2497 hominihus
338 2439 384 2494 est
400 2434 608 2506 manifestum,
626 2436 807 2512 quandoque
821 2439 980 2499 occultum.

225 2541 263 2600 Et
284 2540 478 2602 manifestum
496 2545 594 2618 potest
613 2561 682 2601 esse
701 2543 869 2620 dupliciter,
885 2544 1012 2603 Ratione
1024 2545 1078 2604 sci·

140 2647 228 2720 licet,
247 2652 276 2706 et
292 2646 373 2706 Fide.
598 2719 600 2722 Ι
1102 2667 1115 2710 e

226 2753 305 2812 Nam
330 2751 468 2828 quaedam
488 2748 599 2828 judicie
620 2747 674 2808 Dei
695 2752 777 2820 sunt,
800 2749 839 2809 ad
860 2769 926 2826 quae
945 2749 1079 2814 humana

143 2863 233 2922 Ratio
253 2860 381 2938 propriis
398 2862 523 2939 pedibus
539 2858 709 2938 pertingere
726 2863 838 2936 potest;
855 2860 931 2921 sicut
951 2864 989 2922 ad
1007 2864 1077 2924 hoc:

142 2968 228 3044 quod
244 2967 336 3026 horno
353 2985 409 3044 pro
427 2967 523 3026 salute
540 2964 643 3044 patriae
663 2963 795 3046 seipsum
810 2975 947 3043 exponat.
963 2968 1040 3028 Nam
1054 2971 1079 3030 si
1158 3031 1160 3036 ,

143 3095 218 3154 pars
233 3076 324 3135 debet
338 3094 371 3134 se
387 3092 538 3153 exponere
552 3091 608 3149 pro
623 3073 720 3132 salute
733 3071 838 3145 totius,
852 3092 922 3132 cum
936 3072 1026 3135 homo
1041 3075 1079 3136 sit

143 3199 217 3258 pars
234 3181 374 3256 quaedam
392 3177 529 3250 civitatiS,
545 3177 634 3238 nteit
649 3178 841 3253 Philopoptue
856 3175 886 3237 in
904 3178 966 3240 suis
982 3181 1078 3242 Politi-
1100 3195 1130 3242 10

144 3291 202 3367 cis,
218 3289 310 3350 homo
327 3308 381 3367 pro
395 3285 491 3366 patria
505 3285 595 3345 debet
610 3303 759 3360 exponere
774 3283 919 3363 seipsum,
934 3291 1079 3365 tanquam

145 3390 247 3450 minus
274 3392 388 3452 bonum
409 3411 463 3469 pro
479 3389 603 3451 meliori.
621 3391 707 3454 Unde
724 3392 917 3471 Philosophus
940 3397 979 3456 ad
995 3397 1077 3458 Nico·

146 3498 303 3559 machum:
321 3500 452 3560 Amabile
475 3500 587 3576 quidem
606 3517 678 3576 esce,
704 3505 730 3557 et
750 3501 803 3559 uni
827 3502 898 3576 eoli5
922 3502 1035 3582 melius,
1053 3514 1078 3564 et

147 3606 276 3665 divinius
290 3607 376 3666 Genti
389 3605 546 3666 etOivttati.
562 3606 599 3668 Et
615 3606 673 3668 hoc
684 3607 829 3684 judicium
844 3607 898 3671 Dei
913 3616 959 3672 est
973 3631 1078 3690 cogno·
