2590 4038
237 187 292 246 nto
586 203 624 244 on
641 202 820 246 uourncnra.

239 330 403 393 tentionem
423 331 478 393 Dei
500 336 529 392 ct
551 331 640 407 coeti;
657 336 687 394 ct
704 331 784 408 quod
802 329 946 408 quidquid
964 329 1056 392 estin
1072 332 1167 394 rebus

237 435 425 498 interioribus
449 440 574 513 bonum,
601 458 671 500 cum
696 441 734 510 ab
760 439 825 516 ipsa
852 437 979 498 materia
1006 456 1074 498 esse
1103 457 1165 500 non

125 605 128 614 ,
189 560 216 604 uo
236 543 343 621 possit,
365 546 430 606 sola
450 545 583 624 potentia
608 544 768 619 existente,
792 562 846 622 per
874 540 957 620 prius
986 543 1025 602 ab
1054 542 1168 604 artifice

238 647 301 710 Deo
318 648 369 722 sit,
387 654 417 710 et
438 650 615 712 secundario
632 671 651 711 a
667 650 762 723 Coelo,
781 649 862 725 quod
880 665 1028 724 organum
1051 653 1099 707 est
1112 646 1169 708 Ar·

237 749 276 811 tis
291 749 409 827 divinae,
426 773 518 830 quam
534 753 681 814 Naturam
698 751 896 814 communiter
914 752 1078 830 appellant.

318 857 363 918 Ex
386 858 421 919 iis
443 861 507 938 jam
526 861 619 938 liquet
636 861 715 938 qnod
736 861 792 922 Jus
808 879 902 938 quum
920 859 958 922 sit
978 861 1095 938 bonum,
1111 878 1169 938 per

236 959 319 1040 prius
335 961 367 1022 in
383 970 484 1024 mente
504 963 559 1025 Dei
575 970 636 1026 est:
656 969 686 1026 et
699 984 793 1041 quum
809 985 899 1026 omne
916 965 998 1043 quod
1015 966 1047 1028 in
1063 973 1168 1027 mente

189 1084 217 1130 30
237 1068 292 1131 Dei
308 1075 365 1141 est,
384 1070 423 1130 sit
438 1071 519 1131 Deus
537 1071 632 1148 (juxta
647 1071 736 1132 illud:
755 1072 836 1145 Quod
849 1073 961 1147 factum
982 1080 1034 1150 est,
1052 1075 1086 1133 in
1102 1075 1169 1153 ipso

237 1179 297 1238 cita
320 1176 410 1250 erat),
430 1182 460 1237 ct
483 1178 563 1237 Deus
586 1177 716 1242 maxime
742 1177 877 1256 seipsum
903 1178 988 1252 velit,
1017 1180 1166 1258 sequitur,

238 1287 319 1364 quod
332 1287 389 1346 Juo
402 1306 420 1346 a
437 1286 514 1359 Deo,
531 1292 620 1363 prout
635 1285 666 1345 in
680 1285 723 1346 Εο
738 1292 797 1361 cst,
812 1284 850 1346 sit
866 1284 1001 1347 volitum.
1017 1285 1055 1346 Et
1071 1305 1167 1364 quum

237 1391 367 1455 monica
383 1398 413 1454 et
432 1395 548 1454 volitum
566 1391 597 1451 in
616 1393 680 1454 Deo
700 1392 738 1454 sit
757 1393 852 1469 idem,
869 1393 1005 1472 sequitur
1025 1393 1167 1466 ulterius,

238 1505 319 1580 quod
335 1505 435 1563 divino
464 1503 600 1564 Voluntas
616 1501 653 1563 sit
669 1501 769 1579 ipsum
785 1502 851 1561 Juo.
873 1501 912 1562 Et
926 1499 1037 1561 iterum
1053 1519 1092 1562 ex
1107 1501 1167 1562 hoc

188 1619 217 1666 ot
238 1606 384 1684 sequitur,
408 1608 487 1683 quod
507 1608 564 1667 Jus
583 1605 614 1666 in
634 1603 886 1668 rebusnihil‘cst
912 1607 991 1670 aliud
1013 1629 1105 1687 quam
1126 1613 1167 1671 si·

237 1716 369 1776 mititudo
395 1715 502 1782 diuinae
530 1713 697 1774 Voluntatis.
726 1710 813 1771 Unde
844 1710 890 1783 fit,
918 1711 998 1788 quod
1023 1710 1166 1789 quidquid

196 1892 199 1897 Ι
237 1817 342 1880 divinae
368 1818 530 1879 Voluntati.
544 1838 605 1880 non
631 1821 787 1891 consonat,
809 1817 909 1896 ipsum
931 1821 988 1880 Jus
1015 1839 1165 1884 essenon

236 1925 344 2005 possit;
359 1929 389 1986 et
406 1923 548 2002 quidquid
562 1923 667 1986 divinae
679 1924 830 1985 Voluntati
849 1931 896 1986 est
910 1931 1094 2003 consonum,
1107 1930 1168 1990 Jue

236 2033 336 2112 ipsum
352 2032 399 2092 sit.

159 2123 163 2136 ¹
187 2158 218 2204 40
297 2134 487 2214 Quapropter
510 2154 643 2212 quarere
659 2141 760 2196 utrum
776 2135 814 2196 de
830 2138 903 2197 Jure
926 2137 1041 2200 iactum
1057 2137 1095 2200 sit
1111 2139 1165 2202 ali·

234 2241 316 2320 quid,
334 2241 400 2301 licet
425 2241 482 2301 alia
499 2242 591 2318 verba
607 2239 678 2313 sint,
694 2240 766 2310 nihil
791 2247 892 2304 tamen
909 2242 990 2305 aliud
1006 2246 1163 2322 queritur,

237 2366 329 2428 quam
350 2353 452 2408 utrum
468 2346 582 2406 tactum
599 2345 635 2405 sit
650 2346 805 2408 secundm
820 2349 896 2426 quod
912 2347 994 2409 Deus
1012 2351 1080 2412 mut.
1099 2351 1166 2414 Hoc

237 2474 308 2534 ergo
333 2459 531 2532 supponatur,
550 2453 631 2530 quod
653 2452 726 2514 illud
749 2455 829 2531 quod
849 2455 932 2515 Deus
953 2455 985 2517 in
1006 2456 1163 2522 hominum

236 2567 377 2630 societate
390 2568 464 2646 cult,
475 2565 547 2627 illud
559 2585 613 2644 pro
630 2583 701 2627 vero
718 2570 808 2642 atque
827 2565 944 2628 sincero
959 2568 1035 2629 Jurc
1049 2570 1163 2636 haben-

187 2693 215 2740 to
235 2677 307 2737 rium
321 2675 367 2737 sit.

316 2784 466 2843 Praetcrea
478 2779 652 2842 meminisse
671 2783 800 2858 oportet,
817 2781 899 2856 quod
918 2785 952 2842 ut
970 2782 1164 2862 Philosophus

237 2892 324 2954 docet
343 2890 374 2950 in
384 2893 483 2968 pricio
498 2890 537 2950 ad
557 2887 785 2949 Nicomachum:
805 2886 870 2946 Non
886 2888 1020 2948 similiter
1035 2891 1068 2948 in
1083 2893 1162 2950 omni

236 2999 359 3060 materia
378 2998 515 3058 ccrtiudo
534 2995 687 3072 querendo
708 3000 763 3071 eat,
781 2995 832 3054 sed
849 2998 1004 3056 secundum
1019 2999 1096 3076 quod
1110 3017 1161 3058 no·

236 3114 305 3166 turo
318 3107 362 3165 rei
376 3106 506 3182 subjectu
517 3103 625 3179 recipit.
639 3102 765 3178 Propter
782 3103 861 3180 quod
878 3103 1060 3166 sufficienter
1076 3125 1160 3182 argu·

190 3230 218 3275 co
236 3217 339 3271 menta
352 3211 408 3270 sub
421 3210 541 3269 invento
555 3205 697 3285 principio
714 3208 890 3285 procedent,
904 3209 930 3269 si
942 3229 980 3271 ex
993 3209 1160 3272 manifestis
1277 3245 1278 3248 ¹

239 3317 329 3396 signis
350 3323 440 3394 atque
457 3316 624 3396 sapientum
646 3314 869 3376 auctoritatibus
885 3319 943 3378 Juc
956 3317 1034 3380 illius
1054 3319 1159 3398 Populi

238 3426 356 3506 gloriosi
379 3433 537 3505 quaeratur.
560 3426 705 3486 Voluntas
728 3425 848 3503 quidem
868 3425 921 3486 uei
941 3447 994 3505 per
1012 3447 1046 3488 se
1062 3427 1158 3490 invisi·

238 3535 302 3595 bilis
326 3540 385 3595 estc
414 3534 466 3594 sed
488 3532 645 3594 invisibilia
664 3533 729 3608 Dei,
752 3555 805 3612 per
826 3553 862 3594 ea
883 3554 950 3611 quae
972 3532 1157 3608 factasunt,
