2560 4022
457 203 544 246 unna
562 205 680 248 paruus·
996 195 1031 249 33

104 352 161 394 non
182 331 321 392 vidimus.
347 330 426 392 Nam
454 350 520 408 quae
545 333 689 410 paulatim
713 341 881 411 moventur,
906 337 1029 398 minime

103 443 328 521 perpenduntur
348 438 482 512 anobis
501 445 531 498 et
552 445 664 516 quanto
680 438 813 516 longiora
829 447 965 518 tempora
981 461 1029 500 va·

102 545 184 608 riatio
205 544 250 606 rei
271 545 310 606 ad
329 541 475 622 perpendi
494 543 630 621 requirit,
651 551 736 605 tanto
755 561 821 604 rem
841 544 923 605 illam
943 545 1030 606 stabi·

101 657 206 717 liorem
221 657 375 731 putamus·
392 651 461 712 Non
478 648 588 712 etenim
605 650 801 724 admiramur,
824 651 849 711 si
865 651 1031 712 aestimatio·

101 780 153 822 nes
183 761 358 831 hominurn,
389 757 439 835 qui
466 776 573 836 parum
600 756 713 819 distant
740 777 759 818 a
785 755 894 830 brutis,
924 764 1029 836 putant
1049 764 1077 808 60

104 866 228 926 eandem
247 863 400 924 civitatem
418 864 474 922 sub
490 861 655 924 invariabili
672 884 792 944 semper
808 865 952 928 civicasse
969 885 1030 928 ser·

104 960 203 1046 mone,
216 991 290 1032 cum
304 969 454 1032 sermonis
467 969 590 1030 variatio
604 969 728 1032 civitatis
743 973 879 1050 ejusdem
891 991 953 1031 non
968 969 1032 1032 sine

103 1080 273 1158 longissima
295 1086 469 1156 temporum
489 1077 678 1140 successione
698 1080 844 1157 paulatim
866 1077 1030 1155 contingat,

105 1194 131 1248 et
145 1186 305 1247 hominum
320 1183 383 1244 vita
400 1184 438 1244 sit
454 1181 545 1244 etiarn
560 1182 626 1261 ipsa
642 1201 698 1244 sua
714 1191 822 1245 natura
842 1181 1030 1244 brevissima.

103 1293 131 1354 Si
147 1311 219 1371 ergo
234 1311 292 1372 per
308 1291 439 1352 eandem
452 1297 573 1366 gentem
587 1309 687 1352 sermo
704 1290 851 1365 variatur,
868 1296 908 1360 ut
919 1290 1032 1351 dictum
1052 1295 1078 1340 65

105 1404 162 1470 est,
184 1395 356 1458 successive
373 1416 427 1475 per
447 1401 597 1475 tempora,
617 1417 673 1456 nec
695 1401 775 1458 stare
792 1397 853 1458 ullo
870 1398 960 1458 modo
982 1415 1031 1475 po·
1078 1435 1085 1448 ·

105 1505 174 1575 tesl;
190 1518 317 1562 necesse
335 1508 394 1574 est,
413 1505 446 1561 ut
466 1501 649 1580 disjunctim,
667 1505 872 1582 abmotimque
892 1505 1032 1566 moranti·

104 1607 158 1668 bus
176 1607 256 1670 varie
273 1606 420 1680 varietur,
442 1627 496 1668 ceu
512 1609 593 1669 varie
613 1609 767 1672 variantur
782 1631 883 1672 mores
901 1618 931 1674 et
950 1612 1032 1673 hahi-

105 1717 171 1786 tus,
200 1715 250 1792 qui
275 1734 333 1776 nec
361 1719 485 1790 natura,
513 1736 569 1777 nec
600 1718 749 1779 consortio
777 1720 951 1794 firmantur,
967 1722 1033 1780 ‘sed

107 1818 245 1880 humanis
264 1819 475 1899 beneplacitis,
492 1820 639 1897 localique
659 1821 845 1899 congruitate
861 1828 1033 1882 nascuntur.
1056 1829 1083 1875 70

108 1921 184 1984 Hinc
198 1923 271 1985 moti
287 1932 358 1986 sunt
374 1923 545 1987 inventores
561 1925 768 1988 Grammaticos
785 1926 948 1988 facultatis:
968 1947 1034 2005 quae

109 2028 224 2106 quidem
244 2029 450 2092 Grammatica
465 2030 507 2091 nil
522 2030 602 2091 aliud
619 2038 678 2106 est,
700 2051 792 2110 quam
809 2033 948 2110 quadam
963 2031 1035 2092 inal-

109 2137 233 2198 terabilis
250 2136 409 2198 locutionis
425 2137 565 2198 identitas
582 2137 706 2201 diversis
725 2141 924 2220 temporibus,
943 2148 1034 2220 atque

110 2243 185 2306 locis.
204 2245 279 2306 Haec
296 2263 368 2305 cum
383 2244 422 2304 de
439 2245 590 2306 communi
608 2233 759 2309 consensu
779 2249 945 2310 multarum
967 2269 1035 2327 gen-

111 2349 182 2412 tium
195 2351 284 2414 luerit
300 2351 450 2429 regulata,
469 2351 541 2412 nulli
557 2350 698 2430 singulari
715 2353 836 2416 arbitrio
851 2355 968 2417 videtur
984 2357 1033 2416 oh·
1056 2364 1082 2408 75

112 2463 212 2536 noxia,
233 2467 261 2523 el
281 2481 338 2542 per
359 2479 562 2538 consequens,
589 2480 645 2522 nec
666 2461 814 2523 variabilis
836 2481 903 2523 esse
927 2469 1036 2539 potest.

113 2565 334 2630 Adinvenerunt
351 2588 422 2646 ergo
440 2567 536 2642 illam,
558 2589 597 2630 ne
617 2576 741 2649 propter
760 2570 957 2632 variationem
978 2589 1037 2630 ser-

112 2676 218 2752 monis,
237 2677 362 2738 arbitrio
379 2675 572 2753 singularium
592 2675 748 2751 fluitantis,
765 2678 812 2736 vel
828 2677 909 2737 nullo
930 2676 1035 2751 modo,

111 2784 154 2844 vel
174 2787 285 2847 saltem
301 2783 480 2866 imperfecte
491 2783 684 2860 antiquorum
703 2782 917 2861 attingeremus
939 2788 1037 2843 aucto·

112 2887 209 2952 ritates
236 2895 266 2952 et
288 2897 386 2968 gesta,
409 2888 471 2949 sive
491 2888 623 2964 illorum,
652 2907 728 2966 quos
750 2908 768 2950 a
794 2888 882 2951 nobis
904 2889 1038 2950 locorum
1059 2897 1086 2943 so

112 2994 264 3060 diversitas
281 2995 352 3058 facit
368 3015 436 3057 esse
451 2994 594 3056 diversos.

188 3625 273 3676 lirun,
289 3624 358 3678 Opere
370 3624 448 3668 lutire.
