2590 4038
463 269 467 278 ,
485 222 572 284 nra-sn
591 223 745 266 ssonnnus.
1026 210 1079 266 247

144 351 313 425 intellecta,
330 351 561 431 conspiciuntur.
575 354 654 417 Nam
670 357 787 418 occulto
806 354 953 420 existente
968 356 1075 436 sigillo,

144 459 218 519 oeia
233 458 384 538 impresse
401 458 437 518 de
454 459 517 533 illo,
536 459 671 538 quamvis
688 461 818 536 occulto,
836 461 925 525 tradit
940 462 1075 526 notitiam
1096 473 1122 517 ⁵⁵

145 567 355 642 manifestam
373 586 431 627 neo
451 567 576 645 mirum,
593 568 619 630 si
637 567 736 629 divine
753 568 898 628 Voluntas
920 585 974 646 per
991 566 1075 646 signa

145 676 312 753 quaeronda
329 680 391 750 est;
405 693 475 739 oum
493 684 522 738 et
538 677 671 737 humano
685 679 771 737 extra
786 675 936 738 volentem
948 693 1010 738 non
1026 673 1076 737 ali·

144 784 192 842 ter
208 799 303 858 quam
319 799 374 858 per
391 781 476 859 signa
492 786 642 843 cernatur.

535 1037 632 1100 Garun
652 1039 698 1100 111.

305 1221 425 1275 Populum
439 1223 588 1274 Romanum,
602 1223 718 1275 tanquam
730 1221 918 1274 nobilissimum,

381 1299 494 1348 omnibus
506 1303 559 1346 altis
571 1301 713 1346 convenisse
722 1301 839 1355 praeterri.

222 1513 297 1575 Dico
313 1513 400 1592 igitur
417 1515 455 1577 ad
474 1515 685 1593 quaestionem,
706 1515 786 1593 quod
806 1514 962 1575 Romanus
983 1533 1074 1592 popu·

141 1619 189 1680 lus
204 1621 242 1681 de
255 1620 343 1693 dure,
361 1642 423 1683 non
442 1624 616 1702 usurpando
630 1622 811 1683 Mouoreiioe
830 1620 975 1694 osticium,
993 1621 1073 1697 quod

141 1725 303 1805 Imperium
319 1725 438 1802 dicitur,
461 1727 515 1788 sibi
537 1749 628 1807 super
650 1747 756 1790 omnes
777 1727 919 1790 mortales
941 1727 1072 1790 adscivit.

142 1831 229 1904 Quod
252 1831 374 1910 quidem
398 1834 494 1913 primo
515 1837 558 1897 sio
578 1837 731 1915 probatur.
752 1835 942 1897 Nobilissimo
958 1835 1072 1914 Populo

141 1937 295 2011 convenit,
311 1938 449 2000 omnibus
465 1941 528 2002 aliis
543 1941 689 2020 praelerri3
704 1942 858 2004 Romanus
875 1943 1005 2022 populus
1019 1943 1071 2004 fnit
1094 1960 1107 2004 s

141 2041 359 2119 nobilissimus;
380 2065 450 2123 ergo
472 2047 610 2108 convenit
628 2048 669 2121 ei,
684 2049 748 2110 aliis
771 2049 911 2112 omnibus
931 2049 1072 2128 praeferri.

141 2147 312 2228 Adsumpta
328 2149 404 2212 ratio
420 2149 463 2211 ita
475 2152 635 2230 probatum
650 2173 721 2214 nam
735 2174 828 2232 quum
844 2155 940 2216 honor
951 2153 990 2216 sit
1001 2173 1072 2234 prae·

140 2255 237 2318 mium
250 2255 367 2318 virtutis
374 2302 382 2331 ,
394 2261 423 2318 et
432 2257 530 2319 omnis
542 2259 674 2336 praelatio
687 2261 725 2321 sit
738 2262 849 2336 honor,
861 2260 958 2322 omnis
970 2262 1072 2340 praela·

140 2361 182 2424 tio
205 2361 323 2424 virtutis
341 2367 387 2424 est
403 2365 569 2443 praemium.
585 2366 644 2426 Sed
658 2371 787 2440 constat,
803 2368 883 2445 quod
894 2367 1001 2428 merito
1016 2367 1070 2428 vir·

141 2471 214 2531 tutis
229 2469 424 2532 nobilitantur
437 2471 588 2533 homines:
604 2471 719 2533 virtutis
732 2472 868 2533 videlieet
881 2472 1008 2550 propriae
1024 2474 1071 2534 vel
1090 2485 1120 2531 10

141 2576 302 2654 majorum.
313 2576 368 2636 Est
383 2577 462 2638 enim
472 2577 610 2639 nobilitas
621 2600 635 2632 ι
648 2581 738 2638 virtus
748 2585 774 2636 et
784 2579 891 2637 dioitice
900 2579 1040 2654 antiquie,
1056 2599 1070 2632 s

139 2685 227 2761 juxta
242 2684 448 2761 Philosophum
463 2685 493 2744 in
509 2684 647 2758 Politirio,
665 2688 693 2742 et
707 2681 792 2758 juxta
809 2680 997 2741 iuvenalem:
1014 2681 1072 2741 No·
1102 2697 1104 2701 ·

140 2793 238 2852 editos
250 2793 345 2852 ouimi
358 2793 419 2852 sodo
433 2800 472 2852 est
485 2798 568 2870 atque
580 2791 665 2850 uuioo
677 2789 777 2848 uirtus.
793 2786 865 2860 Quae
876 2787 942 2848 duae
954 2792 1071 2848 senten·

140 2899 189 2959 tiae
210 2899 250 2960 ad
276 2899 353 2960 duas
373 2899 542 2960 nobilitates
563 2900 683 2959 dantur:
707 2895 745 2956 ad
765 2893 917 2974 propriam
943 2894 1069 2972 scilieet,

140 3009 172 3068 et
188 3006 347 3084 majorum.
369 3007 448 3086 Ergo
468 2997 763 3080 nobilibus‚'ratione
783 3019 898 3074 carisa,
914 2999 1071 3079 praemium
1092 3017 1119 3062 ts

140 3109 323 3190 praelationis
341 3112 520 3174 conveniens
536 3119 592 3175 est.
612 3113 646 3173 Et
662 3131 732 3173 oum
745 3107 868 3188 praemia
882 3106 996 3168 meritis
1011 3106 1070 3170 sint

139 3221 363 3295 mensuranda,
378 3221 464 3300 juxta
478 3219 551 3281 illud
567 3218 792 3297 Evangelicum:
811 3218 922 3278 Eodem
935 3235 1070 3278 muuuro

139 3345 198 3404 puu
227 3329 318 3388 numi
340 3327 476 3407 fueritis,
503 3329 665 3388 remetietur
691 3325 785 3386 vobim
811 3323 942 3388 maxime
965 3309 1070 3398 nobili,

139 3435 275 3496 maxime
291 3454 424 3513 praeesse
443 3432 590 3495 convenit.
612 3431 867 3509 Subadsumptam
886 3448 972 3502 vero,
994 3434 1070 3488 vete-

140 3563 209 3605 rum
227 3541 399 3605 testimonia
417 3542 558 3614 suadent;
572 3557 645 3600 nam
659 3536 773 3598 divinus
788 3537 880 3596 Poeta
894 3540 996 3597 noster
1009 3529 1070 3594 Vir·
1090 3552 1119 3598 20
