2578 4038
449 139 536 180 uror-:n
554 141 686 182 renerus.
978 130 1027 186 301

85 270 210 342 rendo,
227 269 384 348 preafatam
400 271 616 333 Auctoritatem
635 272 806 336 immediate
823 275 991 353 dependere
1012 294 1030 335 a

86 377 242 440 Culmine
258 377 349 440 totius
366 377 441 439 entis
458 379 631 450 ostendero,
650 379 730 456 qnod
746 377 827 439 Deus
845 384 899 437 est.

182 482 219 542 Et
235 482 293 543 hoe
307 482 363 542 erit
376 487 545 556 ostensum,
560 484 606 542 vel
620 483 645 542 si
653 484 822 545 Auctoritas
836 484 976 544 Ecclesiae
986 503 1031 544 re·

85 593 260 648 moveatur
273 588 311 647 ab
324 587 387 661 illa,
403 606 497 664 quum
510 589 547 649 de
560 587 692 648 alienon
706 589 744 650 sit
758 590 926 663 altercati03
944 591 990 650 vel
1005 589 1029 650 si
1053 600 1081 645 ⁴0

88 696 252 756 ostensive
269 699 425 774 probetur,
443 698 541 782 aDeo
556 697 728 758 immediate
747 699 926 778 dependere.
943 699 1030 772 Quod

87 805 205 860 autem
214 802 382 862 Auctoritas
390 794 592 866 Ecclesicenon
604 804 642 864 sit
654 823 746 865 causa
754 805 919 882 Imperialis
930 808 1044 889 Aucta·¹

87 908 216 984 citatis,
231 908 374 983 probatur
394 907 449 970 sic:
467 909 553 982 lllud,
572 929 631 987 qno
649 929 710 970 non
727 908 886 985 existente,
905 916 957 972 aut
971 930 1031 988 quo

89 1033 161 1074 non
177 1013 340 1087 virtnante,
358 1014 439 1076 aliud
455 1014 547 1075 habet
563 1021 658 1077 totam
678 1037 766 1076 suam
789 1016 946 1090 virtutem,
969 1037 1031 1080 non

91 1120 147 1178 est
165 1135 259 1176 causa
273 1115 351 1176 illius
365 1115 502 1194 Virtutis;
513 1121 566 1180 sed
582 1122 708 1182 Ecclesia
722 1142 785 1184 non
803 1123 969 1200 existente,
982 1133 1033 1188 aut
1052 1134 1082 1198 1⁵,

90 1241 164 1283 non
179 1222 346 1296 virtuante,
364 1225 525 1302 Imperium
541 1226 645 1289 habuit
662 1233 757 1291 totam
774 1213 861 1292 suam
878 1232 1031 1292 virtutem:

92 1351 173 1412 ergo
200 1334 329 1392 Ecclesia
352 1340 481 1394 nonest
507 1317 598 1396 causa
619 1334 741 1397 Virtutis
761 1339 897 1417 Imperii,
924 1344 953 1398 et
978 1358 1032 1418 per
1077 1405 1079 1412 Α

93 1457 306 1516 consequens,
324 1459 380 1500 nec
396 1439 603 1515 Auctoritatis,
622 1461 690 1502 cum
710 1442 791 1504 idem
817 1444 913 1503 Virtus
938 1444 976 1503 sit
1002 1453 1032 1506 et

95 1546 274 1634 Auctoritas
288 1546 362 1623 ejus.
380 1546 424 1606 Sit
439 1548 568 1606 Ecclesia
581 1547 620 1620 A,
634 1547 794 1624 Imperium
807 1547 844 1620 B,
861 1547 1031 1608 Auctoritas
1145 1561 1152 1580 ·

94 1651 162 1712 sive
179 1650 280 1712 Virtus
297 1651 418 1729 Imperii
433 1650 466 1712 G.
482 1651 514 1711 Si
530 1671 591 1711 non
609 1649 755 1711 existente
772 1651 813 1724 A,
834 1651 857 1711 C
876 1656 922 1712 est
942 1651 973 1710 in
993 1652 1030 1724 B,
1051 1667 1081 1710 ‘20

95 1755 289 1833 impossibile
309 1763 355 1816 est
376 1755 402 1816 A
424 1774 491 1816 esse
513 1773 637 1814 oausam
658 1756 735 1833 ejus,
756 1756 836 1834 quod
854 1761 899 1815 est
920 1755 943 1816 C
965 1775 1032 1818 esse

93 1863 127 1924 in
145 1865 184 1938 B;
202 1883 272 1924 cum
287 1861 472 1942 impossibile
489 1862 538 1934 sit,
562 1861 702 1922 effectum
719 1861 891 1940 praecedere
909 1880 1032 1922 causam

94 1975 225 2036 inesse.
248 1973 368 2046 Adhuc,
388 1971 413 2033 si
431 1971 504 2032 nihil
526 1979 669 2050 operante
689 1973 731 2046 A,
750 1971 773 2033 G
799 1976 846 2032 est
871 1971 901 2032 in
927 1972 965 2046 B,
983 1991 1032 2032 ne·

96 2099 187 2142 cesse
202 2087 249 2141 est
260 2080 356 2140 Anon
371 2099 438 2142 esse
453 2100 577 2141 causam
588 2081 652 2160 ejus
668 2083 748 2160 quod
764 2081 858 2155 est,C
874 2080 982 2144 essein
993 2082 1031 2155 B;

97 2207 196 2265 quum
213 2205 339 2246 necesse
356 2185 394 2246 sit
410 2188 447 2248 ad
464 2187 691 2266 productionem
708 2190 833 2250 effectus
850 2189 1030 2268 praeoperari
1050 2203 1079 2248 25

98 2310 241 2360 cansam,
260 2289 426 2366 praesertim
444 2291 641 2365 efficientem,
658 2295 695 2353 de
712 2315 771 2372 qua
788 2295 959 2358 intenditur.

183 2397 280 2474 Major
302 2397 463 2474 propositio
483 2397 573 2475 hujus
594 2398 857 2480 demonstrationis
879 2403 1032 2462 declarata

100 2501 196 2564 estin
219 2501 367 2562 terminis:
388 2501 534 2562 minorem
555 2502 692 2562 Christus
720 2509 750 2563 et
772 2504 906 2566 Ecclesia
927 2506 1031 2567 confir-

98 2615 199 2668 mant.
220 2608 372 2681 Christus,
387 2609 540 2669 nascendo
555 2615 585 2667 et
597 2607 770 2680 moriende,
788 2613 821 2667 ut
839 2609 975 2686 superius
992 2610 1032 2669 di·

100 2719 187 2776 ctum
200 2719 259 2775 est:
277 2714 423 2786 Ecclesia,
438 2733 508 2775 cum
524 2714 634 2774 Paulus
647 2714 679 2773 in
695 2716 814 2775 Actibus
830 2717 1031 2794 Apostolorum
1051 2731 1081 2777 50

102 2834 184 2894 dicat
193 2834 233 2893 ad
242 2833 379 2892 Festum:
394 2830 444 2890 Aal
453 2828 583 2888 tribuual
593 2826 719 2886 Coesaris
735 2832 793 2902 sto,
806 2827 856 2885 utri
868 2845 911 2885 me
925 2833 1033 2903 oportet

92 2936 245 3014 judicari.
262 2935 340 2995 Cum
357 2933 447 2994 eliam
463 2931 594 3009 Angelus
611 2929 666 2990 Dei
682 2931 775 2990 Paulo
797 2931 903 2992 dixerit
924 2952 1032 3010 parum

102 3047 187 3122 post:
211 3041 256 3100 Ne
271 3041 386 3114 timeas,
406 3039 512 3113 Paule,
530 3037 638 3096 Ceesari
655 3044 680 3096 te
700 3043 809 3114 oportet
828 3039 973 3098 adsistere.
994 3038 1032 3100 Et

102 3148 183 3208 inlra
197 3146 307 3208 iterum
320 3145 431 3204 Paulus
446 3143 484 3210 ad
498 3143 617 3204 ludaeos
632 3143 793 3204 existentes
808 3145 839 3204 in
853 3144 949 3206 ltalia:
962 3147 1031 3208 Ocu·

101 3254 309 3316 tradicentibus
324 3258 419 3312 aulem
433 3231 559 3326 Judais,
576 3254 687 3308 coactus
700 3266 764 3306 sum
778 3249 924 3324 appellare
938 3248 1028 3310 Caesa·
1053 3259 1079 3303 55

100 3381 178 3439 rem,
205 3379 263 3420 uou
288 3359 371 3438 quasi
389 3364 496 3434 pentem
516 3375 606 3415 uuam
627 3355 731 3414 luleus
751 3355 862 3432 aliquid
883 3373 1029 3432 accusare,

102 3469 153 3528 sed
168 3472 202 3526 ut
217 3483 345 3524 eruerem
360 3465 487 3524 animam
503 3479 592 3520 eneam
609 3461 643 3520 ele
658 3465 755 3519 morte.
773 3459 859 3532 Quod
881 3457 905 3518 si
926 3458 1029 3520 Caesar
