2560 4022
466 248 552 289 unm
569 248 687 291 narnus
1008 239 1041 293 41

112 379 226 459 attingit
238 380 371 458 populus
394 380 610 442 Tuscanorum.
639 383 670 444 Si
694 384 759 462 quis
778 389 879 446 autem
902 387 982 465 quod
1003 387 1041 449 de
1063 402 1089 445 ss

113 490 216 551 Tuscis
233 489 412 562 asserimus,
431 491 469 550 de
485 489 685 550 Januensihus
700 489 974 550 asserendumnon
990 509 1041 568 pu·

111 600 164 669 tet,
176 597 234 656 hoc
247 596 351 656 solum
363 595 394 654 in
407 599 508 655 mente
521 596 651 672 prem'at,
664 596 744 672 quod
758 595 784 654 si
797 613 850 674 per
863 595 1042 656 oblivionem

112 704 278 764 Januenses
300 701 506 763 ammitterent
521 723 538 762 z
557 702 702 776 litteram,
720 702 768 762 vel
788 701 897 762 mutire
913 701 1042 764 totaliter

113 830 175 883 eos,
194 813 243 870 vel
264 827 378 869 novam
396 807 531 886 reperire
550 794 701 886 oporteret
714 809 882 886 loquelam
900 815 947 868 est
962 808 1042 868 enim

111 917 278 977 amaxima
300 934 372 992 pars
395 933 500 975 eorum
524 914 694 976 locutionis:
716 935 782 994 quae
804 915 926 994 quidem
944 914 1043 975 littera
1062 929 1091 974 lu

115 1043 174 1085 non
188 1025 253 1085 sine
265 997 369 1084 ⁸multa
385 1021 530 1100 rigiditate
546 1021 704 1099 profertur.

483 1259 581 1321 Carus
601 1261 674 1321 XIV.

166 1474 200 1516 De
208 1473 326 1516 idiomate
335 1469 563 1523 Romandiolerum,
574 1471 598 1512 et
607 1469 637 1512 de
648 1469 795 1522 quibusdam
804 1469 984 1523 Transpadanis

429 1552 454 1593 et
464 1551 587 1603 praecipue
595 1550 625 1594 de
633 1551 732 1595 Veneto.

198 1771 402 1832 Transeuntes
417 1789 496 1830 nunc
511 1771 654 1829 humeros
668 1767 837 1847 Appennini
853 1768 1044 1838 frondifer0s‚

118 1878 223 1936 laevam
243 1877 365 1962 ltaliam¹
380 1883 519 1936 eunetam
539 1892 699 1946 venemur,
717 1892 772 1933 neu
787 1873 935 1943 solemus,
953 1871 1046 1930 orien-

119 1981 212 2043 taliter
233 1983 383 2043 ineuntes.
411 1979 642 2040 Romandiolam
661 1977 749 2054 igitur
769 1975 984 2053 ingredientes,
1006 1977 1047 2038 di·
1113 1997 1117 2008 ·

116 2090 209 2150 cimus
223 2109 281 2149 nos
299 2090 359 2149 duo
376 2087 407 2147 in
423 2087 506 2146 Latio
527 2085 676 2146 invenisse
692 2083 844 2160 vulgaria,
867 2083 1047 2160 quibusdam

117 2193 329 2255 convenientiis
363 2190 519 2252 contrariis
551 2192 706 2252 alternata.
732 2192 867 2264 Quorum
890 2211 985 2254 urrum
1015 2195 1080 2254 int

120 2304 234 2360 tantum
254 2299 402 2359 muliebre
423 2298 539 2358 videtur
559 2306 680 2376 propter
697 2300 912 2360 vocabulorum
934 2306 962 2360 et
982 2321 1046 2379 pro·

119 2405 235 2465 lationis
251 2405 420 2477 mollitiem,
439 2405 520 2481 quod
535 2403 632 2465 virum
651 2404 753 2481 (etiam
770 2406 796 2466 si
811 2405 932 2468 viriliter
947 2411 1046 2483 sonet)

121 2508 271 2569 soeminam
286 2515 391 2568 tamen
405 2507 475 2568 facit
489 2526 557 2568 esse
571 2511 763 2570 eredendum.
781 2513 846 2573 Hoc
859 2513 1049 2573 Romandioli

119 2634 223 2676 omnes
243 2616 373 2687 habent,
395 2620 424 2674 et
443 2614 610 2692 praesertim
635 2616 834 2677 Forlivenses:
859 2637 988 2694 quorum
1011 2621 1048 2680 ci-

119 2722 205 2796 vitas,
228 2723 297 2783 licet
317 2719 482 2780 novissima
504 2719 556 2793 sit,
577 2719 775 2780 meditullium
797 2727 900 2782 tamen
921 2743 988 2786 esse
1008 2725 1047 2786 vi·
1067 2744 1096 2788 10

117 2833 203 2893 detur
213 2830 306 2892 totius
319 2828 494 2908 provineiae;
508 2827 539 2888 hi
555 2830 661 2888 Deusci
676 2827 855 2889 affirmando
871 2831 1045 2907 loquuntur,

118 2949 148 3002 et
168 2942 235 3002 Oclo
250 2960 326 3018 meo,
342 2943 372 2999 et
389 2939 504 2999 Oorndu
520 2958 582 2998 mea
601 2937 757 3016 proferunt
772 2939 968 3000 blandientes.
989 2941 1047 3004 Ηο-

118 3066 186 3108 rum
206 3048 325 3125 aliquos
348 3065 366 3105 a
387 3045 506 3123 proprio
523 3047 672 3123 poetando
690 3047 844 3108 divertisse
866 3048 1046 3124 audivimus,

118 3153 268 3214 Thomam
285 3152 434 3225 videlicet,
453 3158 481 3212 et
498 3152 656 3229 Ugolinum
672 3153 843 3216 Bueeiolam
859 3155 1046 3219 Faventinus.

117 3262 169 3322 list
181 3268 217 3322 ‘et
234 3262 333 3334 aliud,
349 3259 426 3324 sicut
442 3260 627 3334 dictumest,
646 3261 720 3322 adeo
741 3263 905 3336 vocabulis,
923 3265 1046 3326 accenti·
1066 3283 1092 3328 lt

116 3369 234 3446 busque
250 3367 404 3428 hirsutum
420 3372 450 3430 et
465 3367 628 3447 hispidum,
647 3374 727 3448 quod
743 3379 864 3453 propter
881 3375 926 3436 sui
941 3378 1046 3437 rudem

116 3477 329 3553 asperitatem,
347 3475 504 3537 mulierem
519 3479 694 3554 loquentem
710 3500 770 3541 non
788 3483 886 3543 solum
903 3483 1048 3543 distermi-

116 3589 185 3657 nat,
212 3585 268 3646 sed
300 3603 370 3647 esse
396 3582 493 3646 virum
516 3583 651 3645 dubitare
672 3586 750 3646 iacit.
770 3588 836 3647 Hoc
856 3607 974 3660 omnes,
997 3589 1047 3664 qui
