2576 4052
499 201 656 246 connium.

329 394 788 506 cmmm-Qm.

163 653 225 709 Lin.
247 655 272 708 7.
301 653 444 709 Ostensioe
463 655 650 725 probandum
674 663 725 726 est,
748 657 966 730 Imperatorem,
991 662 1048 717 sive

88 743 191 798 Mundi
207 744 386 798 Monarcham
401 745 570 800 immediate
584 763 613 800 se
628 747 734 802 habere
751 750 789 802 ad
802 749 961 820 Principem
980 750 1048 804 Uni-

88 833 179 901 versi,
201 831 251 903 qui
266 831 343 888 Deus
359 838 408 901 est.
424 832 520 890 Vuolsi
541 851 573 888 or
592 823 707 907 durana
727 853 844 907 provere
866 854 917 892 con
940 839 1048 908 regioni

90 921 292 978 dimostratioe
312 939 327 976 e
347 921 447 976 dirette
466 922 517 976 che
537 921 556 974 l’
566 922 748 993 Imperatore
766 926 817 994 ha,
839 942 921 980 senza
940 943 1047 997 mezzo,

88 1011 266 1082 dipendanza
284 1011 318 1065 da
337 1011 402 1079 Dio,
419 1011 462 1064 Re
479 1012 688 1066 dell'unioerso
703 1014 778 1084 (lai,
796 1029 829 1083 v,
842 1013 908 1088 91),
923 1015 973 1070 che
989 1016 1048 1071 ciue

88 1102 108 1154 l’
119 1101 239 1154 autorita
257 1100 285 1154 di
303 1100 355 1154 Lui
370 1101 500 1156 discende
515 1101 769 1158 immediataments
787 1104 822 1160 da
840 1104 891 1159 Dio
913 1105 972 1158 cin
992 1121 1047 1175 quo

89 1195 235 1262 respectus
252 1190 345 1244 omnis
360 1192 565 1246 universaliter
578 1193 697 1248 unitur:
714 1213 726 1243 o
742 1194 829 1262 Mon„
846 1207 893 1262 111,
911 1192 956 1247 11.

162 1280 208 1334 10.
228 1279 369 1334 Homo...
391 1280 579 1336 adsimilatur
602 1281 759 1349 horizonti,
784 1281 835 1353 qui
856 1287 896 1336 est
919 1280 1048 1336 medium

89 1369 216 1423 duorum
231 1368 524 1438 Hemispttoeriorum.
539 1371 622 1426 Tal'e
637 1371 655 1424 l’
666 1373 808 1428 orizconte
824 1373 874 1426 che
887 1371 914 1425 sa
929 1371 984 1426 dua
1004 1371 1049 1424 di-

88 1459 164 1512 oersi
173 1458 326 1528 emisperj,
344 1457 423 1512 l’uno
434 1459 506 1512 della
518 1459 607 1514 Terra
620 1467 730 1528 nostra,
748 1477 762 1514 e
778 1461 796 1513 l’
805 1461 875 1516 altro
886 1460 960 1516 della
970 1460 1048 1514 Mon·

88 1554 180 1617 tanna
199 1549 244 1601 del
258 1547 453 1616 Puryatorio:
470 1548 622 1616 Purg.,1v,
640 1549 684 1603 70.

164 1636 207 1693 14.
228 1635 306 1690 Num
323 1635 432 1703 Homo,
451 1636 477 1689 si
498 1636 696 1690 consideretur
713 1637 869 1692 secundum
893 1643 1048 1708 utromque

89 1730 212 1796 purtem
222 1725 400 1778 essentialem
408 1765 418 1792 ,
428 1723 533 1778 scilieet
544 1723 675 1778 animam
686 1730 711 1780 et
721 1741 838 1796 eorpus,
849 1725 1047 1796 corruptibilis

94 1820 151 1868 est:
168 1815 194 1868 si
213 1813 410 1868 consideretur
428 1819 542 1868 tautum
560 1814 717 1869 secundum
735 1831 841 1882 unam,
860 1815 965 1868 scilicet
985 1815 1048 1869 ani·

89 1917 184 1970 mam,
205 1902 437 1972 incorruptibilis
452 1906 502 1956 est.
525 1903 628 1966 Questo
647 1903 730 1972 luogo
751 1920 801 1975 per
826 1906 856 1958 se
881 1905 1048 1960 abbastanza

88 1992 198 2061 chiano,
217 1991 271 2046 hen
287 1991 361 2046 disse
375 1990 395 2044 ii
410 1989 507 2059 witta,
519 1989 610 2045 chesu
627 2000 726 2061 guasto
739 1993 809 2046 altre
824 1992 917 2047 modo.
935 1993 1046 2048 Ecerto

89 2082 118 2136 la
141 2081 273 2150 volgata,
293 2081 344 2135 che
364 2080 492 2135 abbiamo
512 2080 637 2151 addotta,
658 2081 746 2136 rende
765 2082 785 2135 il
803 2099 885 2137 senso
908 2098 964 2136 non
988 2081 1047 2136 solo

89 2169 267 2240 imperanto,
283 2186 328 2223 ma
344 2167 414 2224 falso
427 2169 455 2224 in
471 2171 570 2226 alcuna
584 2177 674 2242 parte,
690 2173 792 2228 dacehe
807 2189 879 2244 pone
892 2172 965 2225 senc’
976 2172 1047 2225 altro

90 2259 142 2313 che
156 2259 174 2313 l'
184 2259 287 2328 Uomo,
306 2259 424 2314 secondo
438 2260 464 2314 lc
479 2277 529 2316 sue
543 2262 614 2334 parti
627 2263 785 2331 essenziali,
801 2263 850 2316 che
864 2278 932 2316 sono
945 2261 1048 2314 anima

91 2365 107 2403 e
123 2365 225 2418 corpo,
243 2349 460 2404 ecorruttibile.
478 2350 513 2402 Al
528 2366 610 2418 grava
625 2351 721 2405 difetto
741 2351 893 2404 rimediasa
911 2350 931 2403 il
946 2349 1048 2404 Critico

92 2437 226 2505 tedesco,
250 2436 455 2505 correggendo‚
472 2436 614 2492 mediante
630 2438 648 2491 l’
659 2438 734 2492 aiuto
755 2439 797 2492 de’
809 2437 915 2492 Codici:
936 2455 949 2491 a
968 2437 1048 2492 Nam

91 2525 195 2593 homo,
213 2525 238 2579 si
257 2525 455 2580 consideretur
473 2527 628 2581 secundum
646 2533 802 2598 utramque
817 2530 934 2598 partem
954 2540 1048 2578 esseu-

92 2615 208 2682 tiatem,
223 2614 331 2668 scilicet
345 2614 477 2669 animam
494 2621 520 2668 et
534 2632 654 2686 eorpus:
669 2613 867 2686 corruptibilis
880 2618 935 2681 est,
949 2613 971 2666 si
984 2629 1048 2667 con-

91 2704 232 2758 sideretur
255 2707 366 2757 tantum
383 2702 542 2758 seeundum
560 2719 665 2772 unam,
685 2703 787 2757 scilicet
802 2718 924 2774 corpus‚·
940 2701 964 2754 si
982 2717 1048 2756 vero

91 2793 249 2847 secundum
261 2792 393 2861 alteram,
408 2792 511 2848 scilicet
527 2793 672 2858 animam,
691 2789 908 2862 incorruptibilis
924 2794 975 2844 est.
986 2807 999 2843 t
1012 2789 1049 2844 Se

91 2897 149 2936 non
160 2881 210 2934 che
219 2881 267 2952 qui
278 2880 369 2951 parmi
378 2881 521 2951 superfluo
533 2881 652 2951 ripetere
665 2881 712 2934 asi
725 2879 933 2934 consideretur.
947 2896 960 2931 s
976 2877 997 2930 E
1009 2877 1048 2930 di·

93 2969 155 3025 iatti
165 2985 200 3024 ne
212 2986 261 3024 son
273 2969 344 3042 privi
357 2970 376 3024 il
388 2968 455 3025 Cod.
469 2969 658 3025 Laurenziano
670 2986 684 3024 e
696 2969 900 3039 l'Ungherese‚
915 2969 965 3022 che
979 2981 1047 3021 anco

91 3073 229 3112 mancano
242 3058 307 3112 dell’
317 3058 443 3113 avverbio
460 3063 614 3127 «tautum,
631 3079 643 3108 s
659 3059 753 3112 invece
766 3057 812 3111 del
825 3057 906 3128 quale
920 3057 940 3110 it
953 3055 1047 3110 Ficino

92 3165 108 3203 e
123 3147 249 3202 l'Autore
263 3147 327 3202 dell’
335 3147 426 3202 antica
435 3147 607 3202 Traduzione
621 3146 848 3200 DcMouaacffle
863 3145 969 3200 devono
983 3161 1048 3198 ever

92 3237 160 3290 letto
175 3235 403 3307 semplicemente
421 3253 434 3288 a
450 3235 616 3290 secundum.
636 3253 650 3288 u
669 3233 730 3288 Gosi
744 3233 860 3299 ridetis,
880 3233 907 3286 la
925 3232 1044 3299 lesione,

92 3325 174 3379 ch'io
190 3325 305 3380 credeiti
321 3325 349 3378 di
369 3325 531 3380 raffermare
550 3323 597 3378 nel
616 3324 711 3392 Testo,
732 3323 770 3376 mi
789 3321 813 3376 si
831 3327 937 3376 mostra
955 3321 981 3376 la
1000 3323 1049 3394 piu

92 3413 228 3467 sincerae
243 3413 441 3482 conveniente,
459 3412 633 3485 prestandosi
648 3428 663 3466 a
679 3420 777 3483 questa
789 3428 885 3466 verace
899 3416 1044 3466 sentenia:

91 3503 277 3574 Imperocche
292 3505 309 3558 t'
321 3519 422 3570 uomo,
435 3505 502 3558 sesi
515 3503 659 3559 consideri
674 3502 790 3557 secondo
807 3503 825 3556 i'
837 3519 897 3558 unu
910 3518 924 3555 e
939 3502 956 3556 t’
968 3501 1048 3558 altra

202 3602 291 3658 Dinis,
310 3602 378 3659 open
393 3603 469 3648 tettae.
906 3602 936 3646 ‘ts
