2578 4038
219 254 273 311 266
570 261 608 302 nn
623 259 806 301 donincum.

287 365 289 372 Α
310 384 413 440 Ultima
429 381 525 453 Lageae
540 380 635 451 stirpis
651 380 830 450 perituraque
844 376 938 448 proles

175 491 202 534 65
310 474 453 540 Degener,
468 473 579 524 incestae
594 468 709 539 sceptris
723 485 835 521 cessure
850 466 971 534 sororis,

312 561 404 625 Quum
419 558 470 613 tibi
484 566 590 614 sacrato
605 559 717 611 Macedo
731 561 859 610 servetur
873 555 901 609 in
917 561 1010 610 antro.

306 685 492 747 «Oaltitudo
506 682 657 761 sapientiae
673 690 702 743 et
716 681 846 742 scientiae
860 681 926 754 Dei,
939 704 954 736 »
971 681 1038 758 quis
1052 681 1100 742 hic
1112 683 1160 744 Te

223 812 285 853 non
308 789 501 869 ostupescere
524 788 650 868 poterit?
674 789 751 848 Nam
768 792 928 848 conantem
945 788 1158 850 Alexandrum

222 903 386 982 praepedire
406 900 436 958 in
457 917 548 958 cursu
570 895 750 956 coathletarn
771 893 956 982 Romanum,
975 893 1022 951 Tu
1044 912 1083 953 ne
1100 913 1160 954 sua

175 1030 204 1074 60
223 1009 377 1071 temeritas
394 1005 525 1084 prodiret
542 1002 679 1072 ulterius,
698 982 734 1060 cie
752 1001 916 1060 certamine
932 998 1068 1078 rapuisti.

304 1114 364 1173 Sed
386 1113 467 1189 quod
487 1111 585 1170 Roma
605 1109 737 1185 palmam
757 1105 831 1166 tanti
857 1104 950 1165 bravii
971 1106 1009 1164 sit
1030 1107 1159 1184 adepta,

224 1221 326 1280 multis
344 1218 558 1296 comprobatur
573 1213 766 1275 testimoniis:
785 1211 825 1272 ait
839 1211 924 1272 enim
943 1212 1032 1270 Poeta
1052 1220 1161 1272 noster

226 1345 256 1383 in
267 1343 383 1402 ptumo:

312 1462 391 1517 Certe
408 1460 472 1514 hinc
488 1459 630 1513 Romanos
647 1457 728 1526 olim,
745 1456 919 1510 volventibus
933 1455 1028 1526 annis,

177 1577 204 1621 65
249 1559 253 1579 '
312 1554 384 1606 Hinc
398 1552 458 1605 lore
473 1549 618 1615 ductores,
635 1551 762 1600 revocato
778 1563 793 1598 a
809 1545 945 1615 sanguine
958 1545 1076 1614 Teucri,

313 1643 366 1707 Qui
381 1657 473 1708 mare,
490 1639 538 1710 qui
552 1645 642 1692 terras
656 1639 734 1691 omni
749 1635 853 1690 ditione
869 1639 1007 1690 tenerent.

225 1780 262 1840 Et
279 1781 419 1840 Lucanus
441 1778 471 1838 in
487 1780 605 1856 primo:

311 1911 449 1966 Dividitur
465 1909 540 1963 ferro
555 1925 687 1978 regnum,
703 1907 854 1980 populique
870 1908 1007 1979 potentis,

312 2001 379 2064 Quae
395 2016 485 2065 mare,
503 2015 565 2069 quae
580 2003 683 2064 terras,
700 2013 764 2067 quae
778 2002 868 2051 totum
882 1995 1006 2066 possidet
1022 1995 1148 2066 Orbem,

179 2100 207 2145 70
292 2149 295 2156 Α
314 2087 376 2139 Non
392 2085 463 2155 cepit
479 2085 590 2138 fortuna
604 2084 683 2138 duos.

224 2224 262 2282 Et
281 2220 424 2280 Boethius
441 2219 472 2278 in
492 2220 626 2294 secundo,
646 2237 716 2278 cum
737 2219 774 2279 de
794 2219 1002 2280 Romanorum
1022 2219 1164 2298 principe

224 2328 410 2404 loqueretur,
430 2325 472 2384 sic
492 2322 602 2401 inquitz

312 2468 363 2522 Hic
377 2474 470 2522 tamen
486 2472 595 2538 seeptro
611 2469 730 2539 populos
745 2469 873 2538 regebat,

313 2559 388 2623 Quos
404 2556 477 2611 videt
491 2557 614 2611 condens
629 2557 722 2610 radios
737 2557 790 2610 sub
806 2556 895 2611 undas

177 2663 203 2710 75
309 2647 447 2715 Phaebue,
463 2651 587 2700 extremo
603 2647 717 2699 veniens
733 2646 861 2713 abortu,

313 2738 389 2801 Quos
403 2739 536 2805 premunt
551 2738 657 2804 septem
675 2731 758 2804 gelidi
774 2732 893 2802 trioneS,

313 2824 388 2886 Quos
403 2821 492 2875 Notus
507 2821 578 2874 sicco
593 2821 731 2874 violentus
747 2825 817 2874 aestu

313 2910 425 2978 Torret,
442 2909 572 2964 ardentes
587 2925 742 2980 recoquens
758 2923 868 2963 arenas,

306 3035 371 3095 Hoc
381 3035 471 3094 etiam
487 3033 691 3094 testimonium
709 3032 845 3111 perhibet
862 3032 967 3095 Scriba
978 3035 1091 3097 Christi
1104 3039 1163 3098 Lu-

178 3163 205 3208 so
226 3159 290 3212 cas,
306 3141 355 3216 qui
369 3140 470 3200 omnia
486 3159 557 3199 rere
573 3138 653 3213 dicit,
668 3139 763 3198 inille
779 3144 865 3218 parte
880 3140 927 3202 sui
943 3141 1062 3219 eloquii:
1084 3147 1162 3204 Exi-

226 3250 265 3307 nit
280 3248 400 3307 edictum
417 3269 435 3309 a
452 3250 554 3308 Ceeure
574 3248 719 3325 Ariousto,
736 3255 768 3306 ut
784 3250 990 3309 decantaretur
1005 3251 1163 3309 uniuersus

228 3353 321 3413 Orbis.
343 3352 376 3411 ln
398 3353 506 3430 quibus
526 3354 626 3414 verbis
643 3353 843 3416 universalem
860 3356 964 3417 mundi
979 3355 1163 3434 jurisdictio
1279 3317 1281 3474 l

226 3480 297 3520 nem
320 3467 392 3519 tunc
414 3459 621 3522 Romanorum
646 3461 738 3524 luisse
766 3470 869 3543 aperte
894 3461 1059 3542 intelligere
1085 3483 1160 3542 pos·

228 3584 342 3626 sumus.
