2578 4038
500 219 586 260 arnan
604 220 735 263 rannus.
1031 209 1085 264 279

142 349 296 428 Pontifex,
313 349 436 410 Domini
451 349 544 411 nostri
566 351 638 411 Jesu
656 350 766 412 Christi
785 350 933 425 VicariuS,
957 360 986 414 et
1003 353 1083 413 Petri

143 455 323 529 Successor,
353 457 400 518 cui
431 476 493 517 non
521 456 664 536 quidquid
691 457 825 530 Christo,
852 459 907 518 sed
939 458 1082 536 quidquid

142 563 230 624 Petro
252 565 416 638 debemus,
442 565 507 626 zelo
534 565 663 626 fortasse
689 564 843 639 Clavinm3
868 583 924 626 nec
951 584 1012 624 non
1034 563 1083 624 alii

143 687 269 744 gregum
291 668 536 730 Christianorum
556 671 710 742 Pastores,
731 677 761 730 et
783 669 843 743 alii,
864 689 956 748 quos,
979 670 1081 742 credo,

143 774 205 834 zelo
231 774 301 834 solo
330 774 433 834 Matris
455 774 598 835 Ecclesiae
623 775 807 853 permoveri,
830 775 963 850 veritati,
990 795 1082 854 quam
1103 792 1131 837 oo

143 883 328 943 ostensurus
349 901 431 954 sum,
454 882 491 942 de
512 881 576 941 zelo
596 881 698 941 forsan
722 881 871 960 (uldini),
893 901 955 942 non
977 883 1014 942 de
1036 901 1083 942 su·

142 986 264 1064 perhia,
290 985 510 1048 contradicunt.
536 986 664 1061 Quidam
688 1008 760 1048 vero
787 987 853 1062 alii,
875 1009 1004 1066 quorum
1032 990 1082 1050 oh-

143 1090 255 1152 stinata
284 1091 435 1170 cupiditas
455 1093 559 1154 lumen
579 1092 701 1154 rationis
727 1093 869 1168 extinxit,
893 1100 923 1156 et
951 1096 1023 1156 dum
1045 1115 1082 1156 ex

143 1201 228 1273 patre
246 1197 377 1260 Diabolo
395 1205 478 1271 sunt,
501 1197 641 1259 Ecclesiae
660 1218 692 1259 se
706 1198 781 1260 filios
804 1218 872 1260 esse
890 1199 1005 1274 dicunt,
1021 1219 1082 1260 non

145 1302 244 1363 solum
271 1304 304 1364 in
330 1305 388 1364 hac
413 1302 578 1381 quaestione
603 1303 728 1382 litigium
750 1310 887 1378 movent,
911 1307 966 1367 sed
987 1325 1083 1366 sacre·
1103 1313 1129 1357 55

145 1408 252 1470 tissimi
280 1411 470 1486 Princopotus
497 1410 677 1470 vocabulum
708 1409 925 1484 abhorrentes,
952 1413 1084 1490 superio·

146 1530 214 1572 rum
228 1513 433 1590 quaestionum
448 1520 477 1574 et
493 1513 583 1591 hujus
598 1512 742 1591 principia
756 1513 948 1590 impudenter
962 1523 1082 1592 negant.

146 1618 222 1681 Sunt
240 1628 272 1682 et
289 1620 381 1694 tertii,
401 1641 477 1698 quos
494 1622 699 1682 Decretulistoa
716 1625 838 1694 vocant,
857 1621 1026 1698 Theologiae
1047 1641 1083 1682 ac

147 1724 350 1804 Philosophiae
371 1724 528 1803 cujuslibet
543 1725 628 1786 inscii
652 1733 682 1786 et
700 1731 853 1804 expertes,
874 1726 1006 1804 quisuis
1028 1729 1084 1789 De·

148 1840 312 1901 cretalibus
331 1841 421 1916 (quas
439 1841 574 1918 profecto
589 1842 777 1901 venerandas
796 1841 947 1916 existimo)
962 1849 1026 1904 tota
1042 1844 1084 1904 in·
1103 1855 1132 1900 40

149 1945 286 2007 tentione
299 1945 404 2024 innixi,
417 1948 455 2007 de
469 1947 587 2008 illarum
596 1947 788 2026 praevalentia
804 1949 893 2009 credo
913 1954 1084 2026 speranteS,

149 2049 277 2128 Imperio
289 2053 443 2128 derogant.
454 2052 517 2113 Nec
531 2053 655 2128 mirum,
664 2073 734 2115 curn
743 2055 807 2133 jam
818 2051 983 2115 audiverim
994 2071 1085 2129 quen·

151 2156 222 2218 dam
239 2160 279 2220 de
299 2157 356 2218 illis
372 2145 536 2234 dicentem,
556 2165 585 2220 et
605 2161 773 2238 procaciter
794 2167 998 2235 asserentem,
1015 2160 1086 2220 Tra·

151 2263 280 2326 ditiones
301 2257 440 2325 Ecclesiae
460 2263 542 2324 Eidei
570 2284 638 2326 esse
658 2267 897 2327 fundamentum.
921 2267 1007 2341 Quod
1023 2266 1085 2344 qui-

152 2369 222 2430 dem
235 2369 322 2429 netas
339 2369 377 2428 de
394 2367 532 2445 opinione
549 2369 723 2429 mortalium
736 2370 777 2429 illi
790 2373 1003 2444 submoveant,
1019 2373 1081 2447 qui,
1105 2388 1132 2432 45

151 2484 220 2540 ante
235 2476 424 2538 Traditiones
439 2475 591 2562 Ecclesiae,
607 2475 638 2535 in
651 2475 759 2535 Filium
769 2475 822 2536 Dei
833 2475 1001 2548 Christum,
1020 2475 1082 2536 sive

152 2590 331 2656 venturum,
346 2583 407 2644 sive
422 2587 615 2662 praesentem,
638 2582 700 2643 sive
719 2583 783 2659 jam
804 2599 929 2658 passum
950 2581 1081 2642 credide·

152 2695 237 2764 runt,
255 2695 286 2750 et
306 2690 456 2751 credendo
477 2692 689 2766 speraverunt,
711 2691 741 2746 et
762 2690 920 2762 sperantes
941 2683 1086 2744 charitate

153 2802 305 2868 arserunt,
322 2801 351 2856 et
367 2798 508 2857 ardentes
523 2792 557 2852 Ei
571 2793 743 2854 cohaeredes
761 2793 857 2854 factos
873 2811 941 2853 esse
954 2794 1086 2852 mundus

152 2922 215 2964 non
232 2900 357 2961 dubitat.
371 2900 423 2973 Et,
438 2907 471 2960 ut
486 2899 562 2959 tales
577 2899 615 2959 de
629 2898 769 2976 praesenti
783 2899 939 2975 gymnasio
956 2900 1085 2961 totaliter
1107 2917 1135 2963 co

155 3008 364 3080 excludantur,
379 3013 425 3066 est
440 3006 669 3076 advertendum,
687 3005 767 3081 quod
781 3006 920 3081 quaedam
931 3005 1086 3080 Scriptura

156 3117 292 3175 estante
313 3112 492 3183 Ecclesiam,
514 3112 654 3186 quaedam
675 3129 746 3172 cunr
770 3111 917 3184 Ecclesia,
947 3112 1085 3187 quaedam

156 3225 224 3300 post
241 3219 416 3282 Ecclesiam.
435 3218 513 3279 Ante
528 3220 650 3296 quidem
666 3219 832 3280 Ecclesiam
853 3224 923 3280 sunt
950 3221 1036 3280 Vetus
1057 3225 1086 3281 et

156 3329 267 3389 Novum
286 3329 505 3406 Testamentum,
523 3329 603 3404 quod
619 3327 650 3388 in
668 3333 814 3389 aternum
831 3330 1009 3389 mandatum
1027 3332 1084 3399 est,

157 3442 189 3496 ut
205 3436 246 3496 ait
262 3437 423 3514 Propheta:
443 3437 501 3496 hoc
522 3435 601 3496 enim
622 3439 669 3494 est
690 3434 770 3511 quod
792 3431 861 3493 dicit
881 3430 1025 3502 Ecclesia,
1047 3430 1087 3489 lo·
1108 3449 1135 3494 oe

158 3559 255 3619 quens
273 3543 311 3602 ad
330 3541 498 3618 Sponsum:
523 3539 618 3599 Troice
638 3557 682 3596 nce
695 3542 764 3614 post
788 3543 822 3594 te.
850 3532 927 3596 Cum
954 3532 1088 3593 Ecclesia
