2576 4052
586 209 622 250 DE
643 209 822 252 MONARGHIA.

501 413 642 468 Cinnano
660 413 707 468 IV.
724 441 758 453 -
773 412 839 481 Peg.
859 408 922 464 250.

301 591 363 646 Lin.
378 591 404 644 5.
426 589 539 645 Praeter
554 588 687 644 ordinem
711 589 744 642 iu
765 587 850 643 relies
865 586 1058 641 communiter
1073 586 1191 644 institu-

230 688 302 738 tum.
318 682 513 739 veramentea
528 681 627 750 questo
641 682 727 750 punto
742 676 816 730 nella
829 677 932 731 Sonus
945 689 1063 730 consuo
1078 691 1108 731 n1
1119 677 1192 732 Ges-

227 771 350 840 n1t1,in
369 770 452 838 luogo
472 768 500 822 di
520 767 716 822 «institutum
736 783 749 818 1
770 766 794 819 v’
808 766 844 820 ha
865 771 1054 833 «statutum,
1074 785 1088 820 1
1106 767 1189 821 ch'io

229 860 401 916 m’assicuno
416 858 507 914 debba
522 871 615 912 essere
630 855 657 910 la
676 854 797 924 genuina
814 855 924 926 pamla,
946 855 991 909 chi
1010 855 1092 926 pensi
1110 873 1189 910 come

230 951 282 1005 Dio
299 967 312 1003 <c
323 954 425 1004 cuncta
439 947 490 1002 sub
505 945 616 1001 ordinis
628 943 850 1017 pulchritudine
863 945 899 998 ab
912 949 1019 999 aeteruo
1029 946 1164 1016 providit
1176 967 1188 997 1

230 1039 293 1109 (lin.
310 1038 367 1110 56),
384 1053 400 1092 e
415 1053 497 1100 come,
510 1037 551 1090 sia
566 1051 582 1090 a
597 1033 664 1090 dirsi
680 1035 821 1088 miracola
837 1034 891 1104 eid,
909 1035 960 1089 che
976 1035 1051 1088 nelle
1065 1050 1131 1089 cose
1146 1051 1187 1089 ac·

229 1130 296 1183 cade
309 1127 382 1182 suari
392 1126 455 1180 dell'
464 1125 565 1178 ordine
574 1140 625 1195 per
635 1123 726 1177 divina
738 1123 830 1193 Legge
843 1123 987 1178 stabilito:
1004 1125 1081 1192 Pan,
1096 1137 1187 1192 xxxii,

227 1217 273 1270 55.
292 1214 388 1280 Questi
402 1213 588 1268 avvenimenti
602 1212 782 1282 straordinanj
799 1213 822 1267 si
837 1213 921 1268 fanno
936 1228 988 1284 per
1002 1213 1173 1284 operationi
1176 1255 1185 1282 ,

229 1323 247 1360 a
257 1305 307 1358 ene
318 1303 434 1358 Natura
445 1317 500 1356 non
509 1305 602 1372 presta
611 1317 703 1369 mano,
715 1301 780 1356 Non
790 1302 886 1356 scaldi
897 1303 974 1372 ferro
983 1303 1056 1371 mai,
1066 1303 1103 1356 nd
1112 1303 1189 1357 batte

228 1393 341 1458 incude,
360 1391 497 1446 movendo
507 1406 568 1445 esse
579 1389 772 1446 direttamente
783 1391 818 1445 da
827 1391 891 1446 Dio:
903 1392 980 1461 Pan,
991 1405 1069 1460 xxiv,
1081 1392 1144 1446 tan.

300 1482 328 1538 8.
350 1481 444 1546 Quum
458 1485 573 1536 uentum
589 1485 629 1535 est
642 1481 680 1536 ad
692 1480 857 1550 scyniphes,
878 1485 930 1535 etc.
947 1481 1010 1535 Non
1026 1497 1057 1536 so
1073 1497 1152 1535 come
1167 1480 1186 1534 il

222 1571 394 1629 Jfraduttore
419 1572 567 1627 florentino
592 1571 656 1627 siasi
681 1587 815 1642 persuaso
840 1570 1063 1643 d’intenpretace
1087 1577 1187 1642 queste

225 1663 321 1733 parole
337 1679 386 1733 per
402 1661 439 1717 tal
455 1661 552 1716 modo:
573 1679 587 1714 s
605 1660 725 1724 Quando
741 1661 766 1714 si
781 1676 871 1714 aenne
885 1661 935 1715 oll'
948 1677 1071 1730 operare
1091 1661 1188 1715 de’se-

224 1751 277 1822 'pui
287 1751 311 1824 (ο
322 1749 469 1822 miracoli),
481 1768 494 1804 1
507 1749 657 1806 dovendosi
667 1749 762 1803 inveee
773 1749 818 1821 pei
829 1749 958 1804 vocabolo
971 1751 1159 1822 «scyniphes,
1172 1769 1185 1803 1

227 1855 327 1896 osvero
346 1840 505 1912 «sceuipes,
520 1859 533 1893 1
548 1839 694 1894 intendere
709 1839 969 1909 que'vermiciattoli
983 1839 1186 1908 molestissimi,

226 1929 311 1986 simili
328 1931 380 1984 alle
396 1945 535 1997 caricare,
551 1945 567 1982 e
581 1927 648 1982 detti
664 1929 818 1996 moscioni,
832 1927 842 1982 i
855 1928 944 2000 quali,
962 1931 1140 1999 atrafiggene
1155 1929 1183 1983 di

225 2033 318 2072 nuova
326 2017 416 2087 piupa
426 2015 554 2085 l'Egitto,
567 2015 595 2068 in
607 2015 713 2071 infinita
725 2015 900 2070 mollitudine
911 2016 1090 2072 suscitaronsi
1103 2018 1188 2072 mira·

225 2107 412 2160 colosamente
426 2103 499 2156 daila
510 2103 638 2172 pulvere,
652 2119 783 2173 percussa
796 2105 868 2160 dalla
879 2121 963 2176 verga
975 2106 1126 2162 d'Aronne.
1138 2107 1183 2162 Ma

223 2189 433 2261 ‹gl'ineantatori
446 2191 509 2259 che,
526 2190 632 2244 eccitati
645 2191 680 2245 da
693 2191 832 2263 Fumone,
847 2197 976 2248 tentaron
990 2194 1035 2265 pai
1048 2193 1076 2247 di
1089 2194 1147 2248 iare
1162 2196 1182 2248 il

224 2279 380 2334 medesimo
391 2295 405 2332 e
415 2293 472 2333 non
482 2279 507 2332 vi
518 2279 686 2349 riuscivan0,
698 2281 735 2352 gli
745 2281 862 2350 diesem,
874 2282 926 2336 che
939 2282 967 2336 in
981 2283 1047 2354 quel
1057 2285 1080 2336 si
1094 2297 1184 2337 nuova

224 2369 292 2425 letto
303 2369 327 2423 v’
339 2385 387 2424 era
401 2368 420 2422 11
436 2368 492 2423 dito
503 2369 530 2423 di
543 2369 607 2424 Dio:
623 2371 763 2440 cDipitus
774 2371 828 2425 Dei
838 2376 879 2424 est
889 2371 947 2425 hic:
958 2389 972 2425 1
984 2370 1081 2440 Excd,
1097 2384 1159 2424 vm.

296 2459 342 2514 10.
363 2457 540 2514 titiunculum
555 2466 595 2514 est
611 2459 782 2514 immediata
797 2459 927 2529 operatio
942 2458 1054 2526 Primi,
1074 2459 1134 2514 ciat
1154 2459 1183 2513 di
1280 2457 1281 2460 ’

225 2549 288 2619 Dio,
297 2548 317 2602 il
325 2549 424 2620 primo
433 2548 548 2620 Apenta
562 2547 646 2604 Calui
655 2551 706 2604 ene
715 2551 729 2602 ὲ
739 2549 842 2604 Primo
853 2567 868 2605 o
880 2550 902 2604 il
912 2550 1076 2622 Principio,
1085 2550 1185 2620 lapri-
1280 2611 1281 2614 Ἴ

143 2641 146 2646 “
224 2657 275 2694 nm
288 2657 303 2694 e
313 2639 566 2711 principalissima
576 2639 694 2710 (legione
707 2639 780 2694 delle
792 2655 855 2695 cose
868 2641 1009 2696 universe:
1025 2637 1124 2708 Castu,
1134 2651 1181 2707 tn,
1280 2675 1281 2718 3

225 2729 255 2796 23
273 2729 354 2797 Pan,
371 2743 422 2797 xv,
440 2729 487 2797 563
508 2727 558 2800 Ep.
578 2729 666 2796 Can,
681 2727 695 2801 ἓ
709 2742 755 2782 xx.

295 2817 341 2871 13.
362 2817 563 2886 Portenditur‚
577 2818 671 2888 leggo,
690 2817 780 2888 giusta
799 2817 818 2871 l’
831 2817 954 2873 edizione
971 2818 1120 2887 Wittiaua‚
1140 2817 1185 2872 in·

225 2923 290 2961 sicce
307 2905 379 2960 della
394 2905 509 2975 Volgate
527 2923 540 2960 a
553 2907 748 2978 protenditur,
766 2923 780 2959 1
797 2923 875 2961 come
889 2907 936 2978 piu
951 2911 1023 2962 sotto
1039 2925 1053 2960 c
1066 2913 1183 2978 porten-

227 2995 325 3050 derit»
341 2993 404 3070 (lin.
420 2993 479 3066 20),
494 3011 606 3050 enon-t
613 2994 806 3066 protenderit,
820 3015 833 3050 1
850 2997 967 3050 essendo
983 2996 1050 3066 quel
1067 2994 1151 3050 verbo
1163 2995 1182 3048 ii

225 3086 273 3156 pilu
287 3084 407 3140 adaltato
420 3101 471 3155 per
484 3084 636 3154 significare
651 3084 753 3139 lecese
766 3085 836 3154 fatte
850 3101 865 3139 ο
879 3085 1005 3140 stabilite
1018 3084 1054 3139 da
1070 3084 1183 3140 Prosti-

226 3176 329 3243 denza,
346 3175 416 3230 altre
432 3189 448 3228 a
463 3179 567 3246 quanto
582 3175 702 3246 possiam
717 3173 764 3228 noi
779 3174 946 3230 antivedere.

296 3261 340 3315 16.
358 3261 497 3316 Sanctum
508 3266 556 3316 est.
567 3262 609 3315 Ho
621 3265 717 3316 tenuta
726 3267 823 3333 questa
833 3263 951 3331 lenione,
966 3263 1018 3316 che
1029 3263 1044 3316 ὲ
1055 3261 1101 3316 del
1113 3261 1181 3316 Cod.
1280 3261 1281 3276 ¹

226 3349 385 3404 Vaticanus
401 3349 431 3404 su
446 3350 549 3405 accolta
567 3349 612 3404 dal
627 3349 762 3405 moderno
782 3351 894 3420 Critico,
920 3351 1028 3406 benche
1049 3352 1124 3405 tonse
1144 3351 1184 3406 sia

227 3437 275 3506 piu
289 3436 430 3492 conforme
449 3439 474 3492 al
493 3455 558 3494 vero
580 3457 594 3493 c
608 3441 721 3509 justum
736 3447 786 3508 est,
804 3459 817 3494 1
835 3443 885 3496 che
901 3441 962 3494 dev'
975 3441 1079 3496 essersi
1095 3455 1185 3496 scam·

227 3523 303 3578 hiato
319 3540 371 3579 con
388 3541 401 3578 c
417 3525 508 3581 uisum
524 3532 565 3582 est
580 3546 593 3581 1
611 3527 684 3598 dagli
699 3528 805 3585 Editori
821 3529 989 3602 precedenti.
