2578 4038
61 21 191 90 Π

452 231 537 272 niune
557 231 688 274 rnurrus.
981 217 1035 274 289

93 362 180 424 rium
192 363 222 424 in
239 363 379 425 omnibus
393 363 629 441 oequiveleutem.
645 362 744 437 Quare
757 361 899 424 instantia
913 364 1029 424 nullam

94 468 269 532 efficaciam
284 469 386 530 habel.

380 658 382 664 ¹
474 669 570 732 Gneus
591 668 662 729 Vlll.
708 679 710 684 '

283 829 346 880 Quid
359 829 391 871 sit
405 829 512 880 potestas
523 827 632 870 clavium
644 827 714 870 Petro
725 835 849 868 concessa.

179 983 256 1042 ltem
273 983 436 1044 adsumunt
452 982 490 1043 de
506 981 608 1042 In'tcru
627 981 763 1059 ejusdem
779 979 850 1040 illud
868 975 979 1039 Christi
995 979 1034 1038 ad

70 1129 75 1137 ·
93 1093 238 1154 Petrum:
256 1092 297 1150 Et
315 1092 507 1172 quodcumque
523 1089 655 1166 liquvcrr's
670 1106 758 1164 super
777 1087 910 1163 Terram,
927 1086 983 1143 crit
999 1086 1032 1142 li-

87 1207 193 1278 qctum
207 1204 233 1257 et
252 1199 285 1256 in
301 1197 402 1273 cmm
417 1187 442 1254 el
458 1197 649 1274 quodcumque
664 1196 780 1256 solveris
792 1214 880 1272 super
897 1195 1032 1272 Terram,

93 1309 151 1368 eric
175 1306 300 1366 solutum
325 1311 351 1363 ct
375 1305 407 1364 in
432 1303 522 1364 core.
551 1303 637 1376 Quod
663 1301 753 1364 etiem
781 1301 922 1362 omnibus
952 1299 1029 1377 Apo-

95 1408 183 1472 stolis
210 1427 279 1470 esse
306 1408 418 1469 dictum
439 1408 584 1482 similiter,
606 1408 755 1488 accipiunt
776 1411 813 1470 de
835 1412 937 1470 Ir'tera
961 1409 1034 1470 Mat·
1059 1413 1072 1454 ὃ

94 1515 169 1576 thaei
185 1518 216 1575 et
236 1511 390 1574 lobannis.
409 1513 454 1572 Ex
475 1533 535 1591 quo
553 1520 697 1592 arguunt,
716 1515 932 1576 Successorem
952 1517 1033 1576 Petri

95 1620 214 1695 omnia,
242 1621 280 1681 de
308 1609 500 1682 concessione
525 1621 592 1694 Dei,
615 1641 705 1700 posse
732 1627 796 1682 tam
815 1621 922 1698 ligere,
942 1639 1034 1698 quem

95 1731 224 1792 solvere.
242 1728 280 1788 Et
296 1728 366 1789 inde
379 1726 522 1802 inferunt,
537 1748 627 1808 posse
643 1729 759 1790 solvere
773 1731 855 1806 leges
870 1733 900 1789 et
914 1728 1035 1788 decreta

95 1838 236 1916 Imperii,
254 1843 346 1912 etque
362 1836 443 1913 leges
458 1845 488 1898 et
501 1838 623 1898 decreta
636 1837 727 1914 ligare
741 1855 795 1914 pro
811 1837 958 1914 Repr'mirrc
970 1843 1035 1894 ton·

91 1941 216 2018 porrum
241 1940 322 1999 unde
346 1939 424 2000 bene
451 1948 629 2017 sequeretur
658 1941 731 2003 illud
752 1944 833 2022 quod
861 1943 971 2004 dicunt.
997 1943 1034 2002 Et
1056 1945 1085 1990 10

97 2046 263 2108 dicendum
290 2045 329 2104 ad
355 2044 412 2106 hoc
431 2066 485 2123 per
506 2043 727 2110 distinctionem
755 2054 860 2112 contra
887 2051 1036 2128 majorem

98 2149 278 2230 syllogismi,
302 2168 362 2225 quo
382 2156 516 2210 utuntur.
538 2150 718 2229 Syllogizant
738 2155 819 2216 enim
841 2156 897 2218 sic:
925 2157 1034 2218 Petrus

98 2256 195 2336 potuit
213 2257 332 2316 solvere
350 2257 464 2330 omnia,
483 2263 513 2318 et
533 2258 638 2335 ligare3
656 2261 823 2325 Successor
839 2265 921 2326 Petri
937 2272 1037 2344 potest

100 2364 246 2446 quidquid
272 2366 378 2426 Petrus
404 2363 512 2444 poluit:
542 2385 613 2443 ergo
637 2366 802 2428 Successor
828 2368 910 2428 Petri
936 2375 1036 2446 potest

100 2472 203 2534 omnia
220 2471 337 2532 solvere
353 2475 381 2530 et
397 2470 498 2548 ligare.
516 2471 604 2531 Unde
617 2471 761 2545 inferunt,
779 2473 990 2535 auctoritatem
1007 2481 1036 2535 et
1055 2482 1083 2526 16

99 2580 222 2640 decreta
239 2578 363 2654 Imperii
376 2577 492 2638 solvere
509 2578 647 2656 elligere
664 2579 763 2656 ipsum
779 2600 880 2658 posse.

180 2684 331 2746 Minorem
347 2685 493 2759 concedo;
510 2685 659 2762 majorem
674 2705 747 2747 vero
764 2706 825 2746 non
847 2685 911 2747 sine
934 2685 1035 2746 distin-

100 2791 209 2854 ctione.
227 2790 266 2850 Et
282 2789 348 2849 ideo
366 2788 446 2862 dico,
462 2789 542 2866 quod
555 2787 613 2848 hcc
627 2786 745 2866 signum
759 2789 927 2850 universale
940 2810 1034 2868 omne,

100 2901 183 2980 quod
208 2894 370 2958 includitur
399 2894 430 2955 in
462 2897 667 2973 quodcumque,
697 2914 854 2972 nunquam
885 2895 1034 2956 distribuit

100 3014 189 3068 extra
206 3002 354 3066 ambitum
371 3001 490 3062 termini
511 3000 668 3062 distributi.
690 3001 769 3061 Nam
790 3000 815 3060 si
838 3001 923 3074 dicor
939 3002 1036 3061 Omne
1057 3005 1086 3051 2⁰

100 3109 215 3172 animal
231 3105 337 3179 currit,
355 3126 435 3167 omne
456 3105 604 3167 distribuit
623 3126 677 3186 pro
704 3107 786 3167 omni
813 3127 849 3166 eo
877 3109 958 3184 quod
980 3107 1040 3176 sub'
1129 3157 1132 3166 .

99 3233 212 3293 genere
231 3211 352 3272 animali
372 3211 643 3291 comprehenditur.
668 3211 699 3272 Si
723 3232 794 3273 vero
821 3212 902 3274 dico:
931 3211 1036 3274 Omnis

99 3323 202 3384 Homo
224 3317 330 3390 currit,
352 3321 423 3378 tunc
446 3315 565 3393 signum
589 3314 758 3376 universale
785 3336 846 3376 non
873 3315 1035 3387 distribuit,

99 3426 158 3486 nisi
179 3445 235 3502 pro
257 3423 418 3501 suppositis
439 3424 529 3502 hujus
548 3423 667 3484 termini
687 3424 796 3501 Homo,
818 3428 935 3483 etcum
956 3423 1035 3483 dico:

99 3531 209 3594 Omnis
226 3531 453 3606 grammaticus,
468 3537 539 3592 tunc
558 3513 724 3592 distributio
741 3530 837 3608 magis
857 3534 1035 3591 coarctatur.
1057 3539 1085 3584 25

178 3641 271 3696 berre,
285 3639 354 3694 Opere
367 3640 444 3683 turine.
918 3641 946 3684 re
