<?xml version="1.0" encoding="UTF-8"?>
<!DOCTYPE html PUBLIC "-//W3C//DTD XHTML 1.0 Transitional//EN"
    "http://www.w3.org/TR/xhtml1/DTD/xhtml1-transitional.dtd">
<html xmlns="http://www.w3.org/1999/xhtml" xml:lang="en" lang="en">
 <head>
  <title>
</title>
<meta http-equiv="Content-Type" content="text/html;charset=utf-8" />
  <meta name='ocr-system' content='tesseract 3.04.00' />
  <meta name='ocr-capabilities' content='ocr_page ocr_carea ocr_par ocr_line ocrx_word'/>
</head>
<body>
  <div class='ocr_page' id='page_1' title='image "./operelatine00giulgoog_0082.png"; bbox 0 0 2560 4022; ppageno 0'>
   <div class='ocr_carea' id='block_1_1' title="bbox 123 203 726 393">
    <p class='ocr_par' dir='ltr' id='par_1_1' title="bbox 123 203 726 393">
     <span class='ocr_line' id='line_1_1' title="bbox 466 203 726 250; baseline 0.023 -6"><span class='ocrx_word' id='word_1_1' title='bbox 466 203 553 245; x_wconf 77' lang='lat' dir='ltr'>mssa</span> <span class='ocrx_word' id='word_1_2' title='bbox 571 204 726 250; x_wconf 73' lang='lat' dir='ltr'>securioris.</span> 
     </span>
     <span class='ocr_line' id='line_1_2' title="bbox 123 330 378 393; baseline 0.012 -3"><span class='ocrx_word' id='word_1_3' title='bbox 123 330 194 391; x_wconf 85' lang='lat' dir='ltr'>Rex</span> <span class='ocrx_word' id='word_1_4' title='bbox 212 331 378 393; x_wconf 80' lang='lat' dir='ltr'>Navarriae:</span> 
     </span>
    </p>
   </div>
   <div class='ocr_carea' id='block_1_2' title="bbox 122 473 935 836">
    <p class='ocr_par' dir='ltr' id='par_1_2' title="bbox 122 473 935 836">
     <span class='ocr_line' id='line_1_3' title="bbox 285 473 902 554; baseline 0.016 -28"><span class='ocrx_word' id='word_1_5' title='bbox 285 473 390 528; x_wconf 71' lang='lat' dir='ltr'>«Dreit</span> <span class='ocrx_word' id='word_1_6' title='bbox 404 473 494 529; x_wconf 87' lang='lat' dir='ltr'>Amor</span> <span class='ocrx_word' id='word_1_7' title='bbox 509 475 599 546; x_wconf 87' lang='lat' dir='ltr'>qu&#39;en</span> <span class='ocrx_word' id='word_1_8' title='bbox 614 493 680 534; x_wconf 87' lang='lat' dir='ltr'>mon</span> <span class='ocrx_word' id='word_1_9' title='bbox 695 495 744 535; x_wconf 91' lang='lat' dir='ltr'>cor</span> <span class='ocrx_word' id='word_1_10' title='bbox 757 482 902 554; x_wconf 79' lang='lat' dir='ltr'>repaire.»</span> 
     </span>
     <span class='ocr_line' id='line_1_4' title="bbox 122 607 507 686; baseline 0.013 -19"><span class='ocrx_word' id='word_1_11' title='bbox 122 607 287 686; x_wconf 83' lang='lat' dir='ltr'>Folqueius</span> <span class='ocrx_word' id='word_1_12' title='bbox 305 611 344 670; x_wconf 90' lang='lat' dir='ltr'>de</span> <span class='ocrx_word' id='word_1_13' title='bbox 361 609 507 672; x_wconf 87' lang='lat' dir='ltr'>Marsilia:</span> 
     </span>
     <span class='ocr_line' id='line_1_5' title="bbox 273 749 935 836; baseline 0.012 -34"><span class='ocrx_word' id='word_1_14' title='bbox 273 749 388 836; x_wconf 22' lang='lat' dir='ltr'>’oram</span> <span class='ocrx_word' id='word_1_15' title='bbox 402 751 440 805; x_wconf 90' lang='lat' dir='ltr'>m’</span> <span class='ocrx_word' id='word_1_16' title='bbox 451 750 559 808; x_wconf 86' lang='lat' dir='ltr'>abelhis</span> <span class='ocrx_word' id='word_1_17' title='bbox 573 751 592 806; x_wconf 92' lang='lat' dir='ltr'>l’</span> <span class='ocrx_word' id='word_1_18' title='bbox 603 768 713 810; x_wconf 87' lang='lat' dir='ltr'>amoros</span> <span class='ocrx_word' id='word_1_19' title='bbox 729 771 909 826; x_wconf 87' lang='lat' dir='ltr'>pensamens.</span> <span class='ocrx_word' id='word_1_20' title='bbox 923 776 935 810; x_wconf 76' lang='lat' dir='ltr'>a</span> 
     </span>
    </p>
   </div>
   <div class='ocr_carea' id='block_1_3' title="bbox 124 879 438 967">
    <p class='ocr_par' dir='ltr' id='par_1_3' title="bbox 124 879 438 967">
     <span class='ocr_line' id='line_1_6' title="bbox 124 879 438 967; baseline 0.01 -28"><span class='ocrx_word' id='word_1_21' title='bbox 124 879 296 967; x_wconf 73' lang='lat' dir='ltr'>Harualdus</span> <span class='ocrx_word' id='word_1_22' title='bbox 313 881 438 965; x_wconf 73' lang='lat' dir='ltr'>Dauiel:</span> 
     </span>
    </p>
   </div>
   <div class='ocr_carea' id='block_1_4' title="bbox 285 1022 1044 1104">
    <p class='ocr_par' dir='ltr' id='par_1_4' title="bbox 285 1022 1044 1104">
     <span class='ocr_line' id='line_1_7' title="bbox 285 1022 1044 1104; baseline 0.021 -29"><span class='ocrx_word' id='word_1_23' title='bbox 285 1022 376 1077; x_wconf 75' lang='lat' dir='ltr'>«Sols</span> <span class='ocrx_word' id='word_1_24' title='bbox 391 1023 434 1078; x_wconf 89' lang='lat' dir='ltr'>sui</span> <span class='ocrx_word' id='word_1_25' title='bbox 449 1025 497 1095; x_wconf 91' lang='lat' dir='ltr'>qui</span> <span class='ocrx_word' id='word_1_26' title='bbox 511 1025 551 1080; x_wconf 89' lang='lat' dir='ltr'>sai</span> <span class='ocrx_word' id='word_1_27' title='bbox 565 1027 592 1083; x_wconf 91' lang='lat' dir='ltr'>lo</span> <span class='ocrx_word' id='word_1_28' title='bbox 608 1028 753 1101; x_wconf 84' lang='lat' dir='ltr'>sobraian,</span> <span class='ocrx_word' id='word_1_29' title='bbox 771 1049 826 1104; x_wconf 88' lang='lat' dir='ltr'>que</span> <span class='ocrx_word' id='word_1_30' title='bbox 841 1049 869 1088; x_wconf 90' lang='lat' dir='ltr'>m</span> <span class='ocrx_word' id='word_1_31' title='bbox 885 1039 994 1091; x_wconf 75' lang='lat' dir='ltr'>sorta.»</span> <span class='ocrx_word' id='word_1_32' title='bbox 1036 1029 1044 1044; x_wconf 54' lang='lat'><em>³</em></span> 
     </span>
    </p>
   </div>
   <div class='ocr_carea' id='block_1_5' title="bbox 126 1155 930 1378">
    <p class='ocr_par' dir='ltr' id='par_1_5' title="bbox 126 1155 930 1378">
     <span class='ocr_line' id='line_1_8' title="bbox 126 1155 502 1220; baseline 0.011 -4"><span class='ocrx_word' id='word_1_33' title='bbox 126 1155 300 1217; x_wconf 76' lang='lat' dir='ltr'>Homericus</span> <span class='ocrx_word' id='word_1_34' title='bbox 318 1159 358 1217; x_wconf 92' lang='lat' dir='ltr'>de</span> <span class='ocrx_word' id='word_1_35' title='bbox 374 1157 502 1220; x_wconf 90' lang='lat' dir='ltr'>Belinoi:</span> 
     </span>
     <span class='ocr_line' id='line_1_9' title="bbox 284 1297 930 1378; baseline 0.028 -28"><span class='ocrx_word' id='word_1_36' title='bbox 284 1297 382 1352; x_wconf 76' lang='lat' dir='ltr'>«Nuls</span> <span class='ocrx_word' id='word_1_37' title='bbox 397 1298 465 1353; x_wconf 90' lang='lat' dir='ltr'>hom</span> <span class='ocrx_word' id='word_1_38' title='bbox 479 1315 516 1354; x_wconf 88' lang='lat' dir='ltr'>no</span> <span class='ocrx_word' id='word_1_39' title='bbox 530 1305 579 1372; x_wconf 85' lang='lat' dir='ltr'>pot</span> <span class='ocrx_word' id='word_1_40' title='bbox 593 1305 710 1378; x_wconf 86' lang='lat' dir='ltr'>complir</span> <span class='ocrx_word' id='word_1_41' title='bbox 724 1309 903 1368; x_wconf 85' lang='lat' dir='ltr'>adreitarnen.</span> <span class='ocrx_word' id='word_1_42' title='bbox 918 1333 930 1367; x_wconf 77' lang='lat' dir='ltr'>o</span> 
     </span>
    </p>
   </div>
   <div class='ocr_carea' id='block_1_6' title="bbox 125 1433 553 1513">
    <p class='ocr_par' dir='ltr' id='par_1_6' title="bbox 125 1433 553 1513">
     <span class='ocr_line' id='line_1_10' title="bbox 125 1433 553 1513; baseline 0.016 -18"><span class='ocrx_word' id='word_1_43' title='bbox 125 1433 303 1497; x_wconf 74' lang='lat' dir='ltr'>Homericus</span> <span class='ocrx_word' id='word_1_44' title='bbox 321 1437 360 1498; x_wconf 87' lang='lat' dir='ltr'>de</span> <span class='ocrx_word' id='word_1_45' title='bbox 376 1438 553 1513; x_wconf 86' lang='lat' dir='ltr'>Peculiano:</span> 
     </span>
    </p>
   </div>
   <div class='ocr_carea' id='block_1_7' title="bbox 281 1577 932 1660">
    <p class='ocr_par' dir='ltr' id='par_1_7' title="bbox 281 1577 932 1660">
     <span class='ocr_line' id='line_1_11' title="bbox 281 1577 932 1660; baseline 0.023 -29"><span class='ocrx_word' id='word_1_46' title='bbox 281 1577 338 1633; x_wconf 77' lang='lat' dir='ltr'>«Si</span> <span class='ocrx_word' id='word_1_47' title='bbox 351 1595 414 1654; x_wconf 86' lang='lat' dir='ltr'>com</span> <span class='ocrx_word' id='word_1_48' title='bbox 428 1580 447 1634; x_wconf 93' lang='lat' dir='ltr'>l’</span> <span class='ocrx_word' id='word_1_49' title='bbox 458 1582 567 1654; x_wconf 78' lang='lat' dir='ltr'>arbreS‚</span> <span class='ocrx_word' id='word_1_50' title='bbox 585 1602 639 1658; x_wconf 88' lang='lat' dir='ltr'>que</span> <span class='ocrx_word' id='word_1_51' title='bbox 655 1604 706 1660; x_wconf 88' lang='lat' dir='ltr'>per</span> <span class='ocrx_word' id='word_1_52' title='bbox 720 1589 905 1646; x_wconf 87' lang='lat' dir='ltr'>sobrecarcar.</span> <span class='ocrx_word' id='word_1_53' title='bbox 919 1611 932 1645; x_wconf 86' lang='grc'>»</span> 
     </span>
    </p>
   </div>
   <div class='ocr_carea' id='block_1_8' title="bbox 119 1711 406 1778">
    <p class='ocr_par' dir='ltr' id='par_1_8' title="bbox 119 1711 406 1778">
     <span class='ocr_line' id='line_1_12' title="bbox 119 1711 406 1778; baseline 0.017 -6"><span class='ocrx_word' id='word_1_54' title='bbox 119 1711 220 1774; x_wconf 81' lang='lat' dir='ltr'>Guido</span> <span class='ocrx_word' id='word_1_55' title='bbox 237 1713 406 1778; x_wconf 84' lang='lat' dir='ltr'>Guiniceili.</span> 
     </span>
    </p>
   </div>
   <div class='ocr_carea' id='block_1_9' title="bbox 284 1855 910 1931">
    <p class='ocr_par' dir='ltr' id='par_1_9' title="bbox 284 1855 910 1931">
     <span class='ocr_line' id='line_1_13' title="bbox 284 1855 910 1931; baseline 0.016 -22"><span class='ocrx_word' id='word_1_56' title='bbox 284 1855 403 1927; x_wconf 73' lang='lat' dir='ltr'>«Tegno</span> <span class='ocrx_word' id='word_1_57' title='bbox 418 1857 446 1912; x_wconf 85' lang='lat' dir='ltr'>di</span> <span class='ocrx_word' id='word_1_58' title='bbox 459 1858 526 1914; x_wconf 87' lang='lat' dir='ltr'>folle</span> <span class='ocrx_word' id='word_1_59' title='bbox 539 1859 663 1931; x_wconf 87' lang='lat' dir='ltr'>impresa</span> <span class='ocrx_word' id='word_1_60' title='bbox 677 1861 731 1916; x_wconf 88' lang='lat' dir='ltr'>allo</span> <span class='ocrx_word' id='word_1_61' title='bbox 747 1876 798 1917; x_wconf 85' lang='lat' dir='ltr'>ver</span> <span class='ocrx_word' id='word_1_62' title='bbox 814 1863 910 1919; x_wconf 75' lang='lat' dir='ltr'>dire.»</span> 
     </span>
    </p>
   </div>
   <div class='ocr_carea' id='block_1_10' title="bbox 116 1993 423 2056">
    <p class='ocr_par' dir='ltr' id='par_1_10' title="bbox 116 1993 423 2056">
     <span class='ocr_line' id='line_1_14' title="bbox 116 1993 423 2056; baseline 0.003 -1"><span class='ocrx_word' id='word_1_63' title='bbox 116 1993 214 2056; x_wconf 88' lang='lat' dir='ltr'>Guido</span> <span class='ocrx_word' id='word_1_64' title='bbox 232 1993 423 2056; x_wconf 82' lang='lat' dir='ltr'>Cavalcanti:</span> 
     </span>
    </p>
   </div>
   <div class='ocr_carea' id='block_1_11' title="bbox 284 2134 1099 2210">
    <p class='ocr_par' dir='ltr' id='par_1_11' title="bbox 284 2134 1099 2210">
     <span class='ocr_line' id='line_1_15' title="bbox 284 2134 1099 2210; baseline 0.001 -20"><span class='ocrx_word' id='word_1_65' title='bbox 284 2136 360 2190; x_wconf 83' lang='grc' dir='ltr'>((Ροί</span> <span class='ocrx_word' id='word_1_66' title='bbox 375 2137 427 2190; x_wconf 86' lang='lat' dir='ltr'>che</span> <span class='ocrx_word' id='word_1_67' title='bbox 441 2134 470 2190; x_wconf 90' lang='lat' dir='ltr'>di</span> <span class='ocrx_word' id='word_1_68' title='bbox 485 2135 576 2206; x_wconf 81' lang='lat' dir='ltr'>doglia</span> <span class='ocrx_word' id='word_1_69' title='bbox 590 2151 658 2192; x_wconf 89' lang='lat' dir='ltr'>cuor</span> <span class='ocrx_word' id='word_1_70' title='bbox 673 2136 791 2193; x_wconf 87' lang='lat' dir='ltr'>convien</span> <span class='ocrx_word' id='word_1_71' title='bbox 805 2137 847 2192; x_wconf 93' lang='lat' dir='ltr'>ch’</span> <span class='ocrx_word' id='word_1_72' title='bbox 858 2137 885 2194; x_wconf 92' lang='lat' dir='ltr'>io</span> <span class='ocrx_word' id='word_1_73' title='bbox 899 2137 1007 2210; x_wconf 81' lang='lat' dir='ltr'>porti.»</span> <span class='ocrx_word' id='word_1_74' title='bbox 1072 2146 1099 2192; x_wconf 77' lang='lat'>55</span> 
     </span>
    </p>
   </div>
   <div class='ocr_carea' id='block_1_12' title="bbox 117 2269 968 2642">
    <p class='ocr_par' dir='ltr' id='par_1_12' title="bbox 117 2269 968 2642">
     <span class='ocr_line' id='line_1_16' title="bbox 117 2269 433 2334; baseline -0.009 0"><span class='ocrx_word' id='word_1_75' title='bbox 117 2273 213 2334; x_wconf 75' lang='lat' dir='ltr'>(linus</span> <span class='ocrx_word' id='word_1_76' title='bbox 231 2274 270 2333; x_wconf 91' lang='lat' dir='ltr'>de</span> <span class='ocrx_word' id='word_1_77' title='bbox 286 2269 433 2333; x_wconf 87' lang='lat' dir='ltr'>Pistorio:</span> 
     </span>
     <span class='ocr_line' id='line_1_17' title="bbox 282 2421 968 2499; baseline 0.003 -21"><span class='ocrx_word' id='word_1_78' title='bbox 282 2424 439 2494; x_wconf 77' lang='lat' dir='ltr'>«Arvenga</span> <span class='ocrx_word' id='word_1_79' title='bbox 453 2421 496 2477; x_wconf 86' lang='lat' dir='ltr'>ch’</span> <span class='ocrx_word' id='word_1_80' title='bbox 506 2421 533 2476; x_wconf 93' lang='lat' dir='ltr'>io</span> <span class='ocrx_word' id='word_1_81' title='bbox 549 2437 606 2477; x_wconf 89' lang='lat' dir='ltr'>non</span> <span class='ocrx_word' id='word_1_82' title='bbox 620 2422 699 2494; x_wconf 77' lang='lat' dir='ltr'>aggia</span> <span class='ocrx_word' id='word_1_83' title='bbox 713 2424 764 2496; x_wconf 81' lang='lat' dir='ltr'>piu</span> <span class='ocrx_word' id='word_1_84' title='bbox 778 2441 829 2498; x_wconf 89' lang='lat' dir='ltr'>per</span> <span class='ocrx_word' id='word_1_85' title='bbox 841 2430 943 2499; x_wconf 84' lang='lat' dir='ltr'><strong>tempo.</strong></span> <span class='ocrx_word' id='word_1_86' title='bbox 955 2447 968 2481; x_wconf 90' lang='grc'>»</span> 
     </span>
     <span class='ocr_line' id='line_1_18' title="bbox 118 2562 345 2642; baseline -0.009 -16"><span class='ocrx_word' id='word_1_87' title='bbox 118 2562 243 2626; x_wconf 80' lang='lat' dir='ltr'><strong>Amicus</strong></span> <span class='ocrx_word' id='word_1_88' title='bbox 261 2565 345 2642; x_wconf 89' lang='lat' dir='ltr'>ejus:</span> 
     </span>
    </p>
   </div>
   <div class='ocr_carea' id='block_1_13' title="bbox 283 2721 892 2794">
    <p class='ocr_par' dir='ltr' id='par_1_13' title="bbox 283 2721 892 2794">
     <span class='ocr_line' id='line_1_19' title="bbox 283 2721 892 2794; baseline 0.002 -17"><span class='ocrx_word' id='word_1_89' title='bbox 283 2725 412 2792; x_wconf 79' lang='lat' dir='ltr'>«Amor,</span> <span class='ocrx_word' id='word_1_90' title='bbox 428 2723 480 2778; x_wconf 89' lang='lat' dir='ltr'>che</span> <span class='ocrx_word' id='word_1_91' title='bbox 494 2721 568 2777; x_wconf 85' lang='lat' dir='ltr'>nella</span> <span class='ocrx_word' id='word_1_92' title='bbox 582 2727 677 2777; x_wconf 86' lang='lat' dir='ltr'>mente</span> <span class='ocrx_word' id='word_1_93' title='bbox 691 2722 731 2776; x_wconf 90' lang='lat' dir='ltr'>mi</span> <span class='ocrx_word' id='word_1_94' title='bbox 743 2723 892 2794; x_wconf 78' lang='lat' dir='ltr'>ragione.»</span> 
     </span>
    </p>
   </div>
   <div class='ocr_carea' id='block_1_14' title="bbox 118 2891 1097 3626">
    <p class='ocr_par' dir='ltr' id='par_1_14' title="bbox 118 2891 1097 3626">
     <span class='ocr_line' id='line_1_20' title="bbox 197 2891 1097 2966; baseline 0 -9"><span class='ocrx_word' id='word_1_95' title='bbox 197 2896 262 2957; x_wconf 90' lang='lat' dir='ltr'>Nec</span> <span class='ocrx_word' id='word_1_96' title='bbox 286 2893 419 2966; x_wconf 53' lang='lat' dir='ltr'>mireris</span> <span class='ocrx_word' id='word_1_97' title='bbox 443 2893 562 2965; x_wconf 84' lang='lat' dir='ltr'>Lector,</span> <span class='ocrx_word' id='word_1_98' title='bbox 587 2891 625 2952; x_wconf 90' lang='lat' dir='ltr'>de</span> <span class='ocrx_word' id='word_1_99' title='bbox 650 2898 695 2954; x_wconf 86' lang='lat' dir='ltr'>tot</span> <span class='ocrx_word' id='word_1_100' title='bbox 716 2892 847 2954; x_wconf 80' lang='lat' dir='ltr'>reductis</span> <span class='ocrx_word' id='word_1_101' title='bbox 869 2893 1049 2957; x_wconf 87' lang='lat' dir='ltr'>Auctoribus</span> <span class='ocrx_word' id='word_1_102' title='bbox 1069 2910 1097 2956; x_wconf 79' lang='lat' dir='ltr'>oo</span> 
     </span>
     <span class='ocr_line' id='line_1_21' title="bbox 120 2999 1049 3077; baseline 0.001 -12"><span class='ocrx_word' id='word_1_103' title='bbox 120 3005 159 3066; x_wconf 88' lang='lat' dir='ltr'>ad</span> <span class='ocrx_word' id='word_1_104' title='bbox 184 3001 376 3064; x_wconf 82' lang='lat' dir='ltr'>memoriam.</span> <span class='ocrx_word' id='word_1_105' title='bbox 397 2999 464 3061; x_wconf 90' lang='lat' dir='ltr'>Non</span> <span class='ocrx_word' id='word_1_106' title='bbox 492 2999 572 3060; x_wconf 88' lang='lat' dir='ltr'>enim</span> <span class='ocrx_word' id='word_1_107' title='bbox 597 3019 689 3077; x_wconf 86' lang='lat' dir='ltr'>quam</span> <span class='ocrx_word' id='word_1_108' title='bbox 714 3018 888 3077; x_wconf 85' lang='lat' dir='ltr'>supremam</span> <span class='ocrx_word' id='word_1_109' title='bbox 907 3019 1049 3066; x_wconf 87' lang='lat' dir='ltr'>vocamus</span> 
     </span>
     <span class='ocr_line' id='line_1_22' title="bbox 119 3107 1048 3188; baseline 0.001 -16"><span class='ocrx_word' id='word_1_110' title='bbox 119 3110 389 3182; x_wconf 74' lang='lat' dir='ltr'>constructionem,</span> <span class='ocrx_word' id='word_1_111' title='bbox 407 3108 463 3169; x_wconf 92' lang='lat' dir='ltr'>nisi</span> <span class='ocrx_word' id='word_1_112' title='bbox 480 3127 533 3186; x_wconf 86' lang='lat' dir='ltr'>per</span> <span class='ocrx_word' id='word_1_113' title='bbox 548 3107 722 3186; x_wconf 88' lang='lat' dir='ltr'>hujusmodi</span> <span class='ocrx_word' id='word_1_114' title='bbox 737 3110 874 3187; x_wconf 85' lang='lat' dir='ltr'>exempla</span> <span class='ocrx_word' id='word_1_115' title='bbox 886 3127 1048 3188; x_wconf 87' lang='lat' dir='ltr'>possumus</span> 
     </span>
     <span class='ocr_line' id='line_1_23' title="bbox 118 3213 1048 3281; baseline 0.004 -4"><span class='ocrx_word' id='word_1_116' title='bbox 118 3217 260 3279; x_wconf 90' lang='lat' dir='ltr'>indicare.</span> <span class='ocrx_word' id='word_1_117' title='bbox 278 3217 318 3278; x_wconf 83' lang='lat' dir='ltr'>Et</span> <span class='ocrx_word' id='word_1_118' title='bbox 338 3215 476 3277; x_wconf 87' lang='lat' dir='ltr'>fortassis</span> <span class='ocrx_word' id='word_1_119' title='bbox 493 3213 684 3276; x_wconf 89' lang='lat' dir='ltr'>utilissimum</span> <span class='ocrx_word' id='word_1_120' title='bbox 705 3215 782 3277; x_wconf 81' lang='lat' dir='ltr'>foret</span> <span class='ocrx_word' id='word_1_121' title='bbox 803 3218 841 3277; x_wconf 90' lang='lat' dir='ltr'>ad</span> <span class='ocrx_word' id='word_1_122' title='bbox 861 3217 944 3279; x_wconf 90' lang='lat' dir='ltr'>illam</span> <span class='ocrx_word' id='word_1_123' title='bbox 966 3219 1048 3281; x_wconf 85' lang='lat' dir='ltr'>habi·</span> 
     </span>
     <span class='ocr_line' id='line_1_24' title="bbox 120 3320 1047 3401; baseline 0.003 -19"><span class='ocrx_word' id='word_1_124' title='bbox 120 3323 267 3385; x_wconf 75' lang='lat' dir='ltr'>tuendam</span> <span class='ocrx_word' id='word_1_125' title='bbox 289 3323 442 3400; x_wconf 81' lang='lat' dir='ltr'>regulatos</span> <span class='ocrx_word' id='word_1_126' title='bbox 463 3320 572 3382; x_wconf 86' lang='lat' dir='ltr'>vidisse</span> <span class='ocrx_word' id='word_1_127' title='bbox 589 3321 710 3394; x_wconf 77' lang='lat' dir='ltr'>Poetae,</span> <span class='ocrx_word' id='word_1_128' title='bbox 728 3320 880 3401; x_wconf 83' lang='lat' dir='ltr'>Virgilium</span> <span class='ocrx_word' id='word_1_129' title='bbox 900 3323 1047 3399; x_wconf 85' lang='lat' dir='ltr'>videlicet,</span> 
     </span>
     <span class='ocr_line' id='line_1_25' title="bbox 119 3425 1096 3507; baseline 0.002 -20"><span class='ocrx_word' id='word_1_130' title='bbox 119 3427 258 3490; x_wconf 81' lang='lat' dir='ltr'>Ovidium</span> <span class='ocrx_word' id='word_1_131' title='bbox 279 3427 311 3487; x_wconf 92' lang='lat' dir='ltr'>in</span> <span class='ocrx_word' id='word_1_132' title='bbox 334 3428 605 3506; x_wconf 74' lang='lat' dir='ltr'>Metamorphoseos,</span> <span class='ocrx_word' id='word_1_133' title='bbox 622 3425 750 3489; x_wconf 85' lang='lat' dir='ltr'>Statium</span> <span class='ocrx_word' id='word_1_134' title='bbox 767 3434 858 3507; x_wconf 84' lang='lat' dir='ltr'>atque</span> <span class='ocrx_word' id='word_1_135' title='bbox 878 3429 1047 3502; x_wconf 86' lang='lat' dir='ltr'>Lucanum,</span> <span class='ocrx_word' id='word_1_136' title='bbox 1069 3444 1096 3490; x_wconf 78' lang='lat' dir='ltr'>oo</span> 
     </span>
     <span class='ocr_line' id='line_1_26' title="bbox 119 3533 1047 3626; baseline -0.003 -31"><span class='ocrx_word' id='word_1_137' title='bbox 119 3555 255 3598; x_wconf 83' lang='lat' dir='ltr'>necnon</span> <span class='ocrx_word' id='word_1_138' title='bbox 274 3534 433 3626; x_wconf 37' lang='lat' dir='ltr'>alioS,·qui</span> <span class='ocrx_word' id='word_1_139' title='bbox 456 3534 503 3596; x_wconf 90' lang='lat' dir='ltr'>usi</span> <span class='ocrx_word' id='word_1_140' title='bbox 520 3537 591 3596; x_wconf 85' lang='lat' dir='ltr'>sunt</span> <span class='ocrx_word' id='word_1_141' title='bbox 607 3533 767 3596; x_wconf 86' lang='lat' dir='ltr'>altissimas</span> <span class='ocrx_word' id='word_1_142' title='bbox 789 3552 910 3613; x_wconf 84' lang='lat' dir='ltr'>prosas,</span> <span class='ocrx_word' id='word_1_143' title='bbox 926 3541 959 3594; x_wconf 85' lang='lat' dir='ltr'>ut</span> <span class='ocrx_word' id='word_1_144' title='bbox 980 3533 1047 3593; x_wconf 89' lang='lat' dir='ltr'>Tul·</span> 
     </span>
    </p>
   </div>
   <div class='ocr_carea' id='block_1_15' title="bbox 0 0 1290 4022">
    <p class='ocr_par' dir='ltr' id='par_1_15' title="bbox 0 0 1290 4022">
     <span class='ocr_line' id='line_1_27' title="bbox 0 0 1290 4022; baseline 0 0"><span class='ocrx_word' id='word_1_145' title='bbox 0 0 1290 4022; x_wconf 95' lang='lat' dir='ltr'> </span> 
     </span>
    </p>
   </div>
  </div>
 </body>
</html>
