2560 4022
507 247 594 290 unum
611 249 729 292 ruruus.
1050 235 1086 292 21

153 377 223 438 tiam
238 376 410 438 intellectus
429 378 501 455 (qua
515 381 562 440 vel
579 381 654 440 alter
675 380 760 442 alteri
776 382 905 443 totaliter
921 383 1082 444 innotescit

153 503 204 562 per
224 502 272 558 se,
294 483 344 543 vel
365 483 473 543 saltem
486 503 540 561 per
553 483 624 542 illud
639 483 890 560 fulgentissimum
904 485 1081 564 Speculum,

154 589 254 666 inquo
269 587 370 648 cuncti
387 591 642 665 repraesentantur
657 587 861 664 pulcherrimi,
877 594 967 666 atque
979 591 1085 652 avidis·

154 694 218 756 simi
240 694 450 772 speculantur)
472 693 553 755 nullo
577 693 661 770 signo
682 692 838 754 locutionis
859 694 1020 770 indiguisse
1043 696 1082 756 vi·
1101 709 1131 755 15

154 801 269 861 dentur.
294 803 334 862 Et
351 802 376 862 si
394 801 551 880 objiciatur
568 802 606 862 de
622 799 670 872 iis,
690 799 739 878 qui
756 818 895 860 corruere
912 797 1082 876 SpiritibuS,

155 907 309 986 dupliciter
326 906 502 986 responderi
518 911 626 986 potest.
643 907 758 980 Primo,
777 907 857 985 quod
879 924 949 966 cum
969 905 1006 966 de
1022 907 1086 980 his,

156 1015 417 1091 qua-necessaria
443 1021 513 1077 sunt
538 1019 578 1078 ad
607 1020 685 1079 bene
716 1038 795 1093 esse,
823 1023 1005 1094 tractamus,
1032 1040 1085 1082 eos

155 1119 305 1198 praeterire
323 1121 481 1195 debemus,
501 1143 570 1184 cum
586 1125 716 1186 divinam
733 1146 837 1187 curam
848 1127 982 1208 perversi
999 1147 1086 1210 expe·

152 1229 234 1286 ctare
248 1225 420 1287 noluerunt.
433 1227 585 1316 Secundo,
597 1235 626 1292 et
636 1231 757 1291 melius:
770 1234 850 1309 quod
863 1233 921 1311 ipsi
933 1234 1084 1295 Demones
1104 1241 1137 1288 2⁰

155 1333 192 1392 ad
213 1331 470 1395 manifestandam
490 1335 568 1398 inter
589 1357 622 1399 se
643 1340 801 1418 perfidiam
821 1361 909 1402 suam
931 1363 992 1403 non
1015 1342 1088 1402 indi-

155 1442 236 1514 gent,
254 1437 314 1497 nisi
330 1442 363 1498 ut
380 1427 476 1499 sciant
498 1441 640 1517 quidlibet
661 1446 699 1505 de
721 1446 865 1522 quolibet,
888 1448 958 1524 quia
981 1455 1040 1522 est,
1059 1455 1089 1510 et

155 1552 286 1624 quantus
305 1550 363 1608 est:
384 1549 464 1623 quod
480 1545 602 1624 quidem
616 1549 725 1625 sciunt3
741 1557 945 1626 cognoverunt
960 1553 1089 1613 enimse

157 1652 284 1713 inuicem
300 1657 373 1712 ante
389 1652 508 1713 ruinam
527 1673 624 1714 suam.
639 1655 830 1716 inferioribus
846 1677 965 1735 quoque
978 1659 1090 1720 anima·

159 1758 249 1833 libus,
264 1779 335 1821 cum
352 1759 417 1821 solo
429 1765 544 1821 naturae
558 1761 700 1822 instinctu
714 1764 873 1835 ducantur,
889 1766 926 1824 de
937 1766 1087 1826 locutione
1106 1775 1136 1821 2⁵

162 1885 222 1926 non
239 1865 369 1944 oportuit
385 1867 550 1943 provideri3
571 1887 643 1928 nam
664 1867 804 1928 omnibus
826 1870 962 1945 ejusdem
983 1871 1093 1946 speciei

161 1976 228 2032 sunt
244 1971 337 2031 iidem
353 1976 453 2045 actus,
471 1977 501 2033 et
517 1972 691 2050 passiones:
710 1978 739 2034 et
756 1972 799 2035 sic
815 1980 942 2052 possunt
957 1995 1010 2052 per
1028 1995 1094 2054 pro·

160 2075 239 2154 prios
260 2078 381 2140 alienos
400 2097 591 2156 cognoscere.
609 2081 689 2141 Inter
711 2100 747 2142 ea
765 2100 853 2155 vero,
877 2101 943 2160 quae
965 2081 1094 2143 diversa·

161 2205 229 2247 rum
255 2193 328 2249 sunt
352 2187 536 2266 specierum,
560 2206 624 2248 non
645 2188 743 2248 solum
762 2207 824 2248 non
844 2187 1015 2250 necessaria
1038 2186 1094 2248 luit

160 2293 281 2367 locutio,
312 2295 367 2354 sed
397 2312 521 2371 prorsus
551 2293 698 2354 damnosa
727 2293 847 2367 fuisset,
879 2313 948 2354 cum
977 2295 1093 2353 nullum
1112 2309 1143 2354 50

165 2402 317 2463 amicabile
341 2398 560 2464 ¹commercium
575 2397 681 2458 fuisset
696 2397 728 2460 in
747 2397 813 2458 ulis.
831 2396 868 2457 Et
891 2397 916 2458 si
939 2396 1095 2474 objiciatur

167 2503 204 2563 de
228 2505 375 2583 Serpente
401 2504 543 2580 loquente
570 2505 609 2564 ad
635 2503 766 2582 primam
789 2504 961 2578 mulierem,
982 2504 1029 2564 vel
1056 2505 1094 2563 de

166 2609 255 2671 Asina
271 2611 412 2684 Balaam,
431 2609 512 2686 quod
528 2607 619 2668 locuti
635 2607 708 2682 sint;
726 2608 765 2668 ad
781 2606 839 2667 hoc
860 2607 1094 2683 respondemus,

164 2719 242 2794 quod
257 2718 393 2796 Angelus
411 2715 442 2777 in
458 2716 521 2790 illa,
540 2719 569 2776 et
584 2713 728 2774 Diabolus
745 2713 776 2772 in
792 2713 842 2774 illo
863 2713 960 2774 taliter
981 2713 1095 2792 operati

165 2836 245 2904 suut,
262 2832 346 2909 quod
363 2830 429 2910 ipsa
446 2829 586 2892 animalia
603 2831 760 2889 moverent
785 2845 897 2903 organa
918 2847 988 2900 sua;
1006 2826 1048 2886 sic
1066 2831 1094 2886 et
1115 2843 1142 2889 au

166 2957 222 3000 vox
242 2939 314 3000 inde
340 2939 495 3000 resultavit
522 2935 675 3009 distincta,
698 2939 844 3011 tanquam
872 2951 944 2992 vera
970 2931 1096 2994 locutio:

166 3063 225 3106 non
251 3047 336 3123 quod
361 3045 442 3106 aliud
468 3049 549 3106 esset
569 3043 669 3105 Asinae
691 3039 763 3102 illud
789 3057 881 3117 quam
901 3039 1023 3112 rudere,
1041 3058 1099 3100 nec

168 3168 259 3227 quam
280 3149 402 3211 sibilare
424 3148 588 3228 Serpentis.
606 3148 636 3208 Si
653 3167 723 3209 vero
745 3151 850 3208 contra
872 3152 1098 3224 argumentetur
1149 3205 1152 3212 ,

168 3256 232 3333 quis
250 3257 290 3318 de
312 3275 362 3330 eo,
389 3255 470 3333 quod
490 3254 612 3315 Ovidius
634 3252 703 3314 dicit
722 3253 753 3314 in
773 3253 798 3314 V
817 3253 1097 3332 Metamorphoseos

167 3361 204 3422 de
223 3361 303 3424 Picis
325 3361 532 3439 loquentibus3
550 3360 674 3422 dicimus
692 3363 772 3438 quod
793 3362 850 3422 hoc
866 3361 992 3438 figurate
1012 3359 1093 3430 dicit,
1114 3374 1145 3420 uu

167 3467 248 3529 aliud
264 3467 442 3546 intelligens.
457 3468 494 3528 Et
508 3467 534 3527 si
550 3468 665 3528 dicatur
680 3469 760 3544 quqd
774 3467 851 3528 Picae
865 3469 977 3538 adhuc,
993 3473 1022 3526 et
1036 3465 1100 3524 aliae

168 3595 238 3638 aves
257 3577 435 3656 loquuntur,
454 3575 580 3637 dicimus
603 3575 683 3651 quod
708 3575 820 3636 falsum
846 3580 906 3646 est;
933 3570 1002 3647 quia
1033 3566 1119 3630 talis'
