2560 4022
468 691 639 770 Ltssun
669 693 892 771 PRIMUS.

603 1538 700 1601 Garun
726 1541 747 1600 Ι.

290 1741 358 1794 Quid
367 1741 400 1786 stt
415 1741 531 1796 Vulneris
544 1743 648 1797 locutio,
661 1744 686 1785 et
699 1753 747 1794 quo
762 1743 858 1788 differat
871 1755 886 1788 a
901 1743 1081 1790 Grammatico.

291 1948 368 2010 Cum
391 1947 546 2010 neminem
570 1951 642 2009 ante
662 1966 718 2008 nos
745 1947 783 2007 de
809 1946 945 2024 Volqorio
964 1947 1144 2024 Eloquentiae

200 2058 347 2120 doctrina
368 2057 531 2134 quicquam
550 2054 737 2136 inveniamus
751 2060 911 2128 tractasse,
928 2058 1019 2132 atque
1034 2054 1141 2128 talem,

209 2166 326 2228 scilicet
341 2164 567 2242 Eloquentiam,
584 2163 702 2241 penitus
720 2163 861 2223 omnibus
882 2161 1086 2222 necessariam
1103 2159 1143 2220 vi·

204 2270 338 2331 deamus
356 2269 440 2344 (cum
457 2268 495 2327 ad
512 2285 580 2326 eam
596 2285 658 2326 non
675 2271 792 2327 tantum
808 2265 875 2339 viri,
898 2268 952 2327 sed
970 2267 1060 2328 etiam
1076 2285 1145 2327 rnu-

212 2374 315 2448 lieres,
327 2379 356 2436 et
366 2373 483 2453 parvuli
490 2371 636 2445 nitantur,
647 2370 678 2432 in
691 2379 839 2450 quantum
848 2372 964 2433 Natura
973 2372 1140 2451 permittit),
1162 2384 1177 2428 5

214 2481 346 2542 volentes
368 2479 581 2542 discretionem
601 2477 768 2556 aliqualiter
787 2479 920 2540 lucidare
939 2479 1072 2552 illorum,
1091 2479 1143 2555 qui

212 2593 357 2665 tanquam
373 2586 445 2648 caeci
460 2588 616 2648 ambulant
632 2606 685 2664 per
705 2588 834 2666 plateas,
858 2587 1036 2662 plerumque
1061 2591 1152 2668 ante·¹

211 2691 289 2754 riora
314 2691 484 2782 posteriora
506 2697 664 2771 putantes;
685 2689 783 2752 Verbo
811 2689 962 2768 aspirante
986 2691 1023 2752 de
1039 2691 1125 2753 Caelis
1131 2737 1141 2766 ,

211 2800 353 2862 locutioni
369 2800 537 2878 vulgarium
552 2799 687 2878 gentium
702 2800 848 2880 prodesse
865 2798 1061 2873 tentabimuS‚
1081 2819 1144 2860 non

211 2907 312 2966 solum
332 2926 446 2984 aquam
465 2909 560 2968 nostri
579 2907 689 2987 ingenii
708 2908 748 2968 ad
769 2911 887 2967 tantum
908 2906 1050 2992 poculum
1069 2907 1141 2968 hau·
1160 2917 1194 2971 'to

208 3012 336 3087 rienteS,
352 3015 406 3075 sed
420 3015 594 3094 accipiendo
609 3016 655 3076 vel
667 3013 856 3093 compilando
873 3013 912 3072 ab
930 3012 1008 3086 aliis,
1026 3013 1143 3091 potiora

209 3121 391 3197 *miscentem
408 3129 442 3184 ut
458 3123 565 3184 exinde
586 3121 740 3200 potionare
764 3117 915 3198 possimus
937 3117 1143 3178 dulcissimum

213 3225 443 3304 hydromellum.
457 3228 518 3290 Sed
532 3229 601 3305 quia
615 3247 861 3306 unamquamque
876 3227 1043 3290 doctrinam
1057 3247 1143 3306 opor·

212 3333 255 3390 tet
270 3351 334 3392 non
350 3333 494 3411 probare,
511 3333 566 3394 sed
582 3351 672 3394 suum
687 3333 803 3411 aperire
821 3335 1005 3412 subjectum,
1020 3340 1053 3396 ut
1070 3335 1143 3396 seia·

167 3523 169 3528 ,
210 3439 261 3498 tur
276 3439 350 3516 quid
368 3438 418 3514 sit,
436 3459 527 3519 super
543 3442 624 3519 quod
637 3440 688 3502 illa
701 3447 851 3517 versatur,
866 3442 991 3503 dicimus
1006 3441 1142 3502 celeriter
1160 3455 1191 3502 ts

207 3547 419 3624 expedientes,
445 3547 526 3625 quod
556 3547 716 3624 Vulgarem
744 3547 926 3609 locutionem
955 3548 1142 3625 appellamus
