2576 4052
524 221 682 264 comum.
1023 213 1076 270 397

114 347 175 386 non
191 330 283 386 alieno
298 329 344 384 dal
359 329 425 385 sarsi
441 333 531 388 valere
546 349 597 406 per
616 335 692 390 huon
713 336 926 408 sillogizzatore,
946 339 1018 394 com’
1028 355 1078 392 ers

115 424 313 476 streltamente
330 436 446 491 seguace
462 421 535 477 delle
551 425 644 494 regole
664 425 809 496 prescritte
825 427 868 482 da'
879 428 940 483 suoi
955 427 1077 482 Maestri.

386 658 531 715 Cfflrom
550 661 734 732 xl1.-Pag.
755 661 817 716 273.

192 879 256 934 Lin.
276 879 304 934 4.
327 880 421 944 Quum
435 879 514 936 enim
524 898 579 952 per
591 886 740 950 peccatum
755 881 829 936 Adae
843 897 940 936 omnes
952 885 1079 952 peccato·

118 983 167 1022 res
191 985 327 1023 essemus.
351 969 390 1024 La
409 976 504 1024 nostra
523 976 622 1025 natura
637 971 721 1040 pecc&
742 976 817 1025 tutta
835 972 863 1025 in
882 972 1004 1038 Adam,
1027 971 1079 1024 che

116 1073 171 1128 per
185 1075 243 1112 non
262 1058 370 1113 soffrire
386 1060 451 1132 quel
469 1059 548 1113 freno
564 1059 618 1112 alla
636 1058 749 1129 propria
764 1059 887 1126 νοΙοηῑὲ,
904 1059 923 1111 11
940 1059 1022 1129 quale
1041 1057 1080 1128 gli

117 1162 211 1200 venne
225 1147 345 1217 imposto
361 1147 396 1201 da
408 1147 472 1216 Dio,
486 1147 651 1201 Dannando
664 1148 705 1212 sb,
719 1147 817 1202 ἀαηηό
830 1153 904 1203 tutta
917 1165 970 1204 sua
980 1145 1080 1221 prole:

118 1235 198 1302 Pan,
214 1248 270 1302 vn,
283 1235 333 1304 27,
347 1235 395 1304 85;
414 1237 509 1305 Conv.‚
524 1251 568 1305 ιν,
584 1237 611 1291 5.

191 1323 219 1377 8.
237 1322 270 1377 Si
282 1324 316 1377 de
329 1325 380 1378 illo
393 1331 505 1396 peccato
519 1342 577 1381 non
589 1326 688 1396 fuisset
702 1325 883 1398 satisfactum
890 1343 945 1396 per
957 1332 1080 1382 mortem

120 1411 249 1476 Christi,
268 1417 318 1466 etc.
338 1413 373 1467 Α1
392 1414 482 1484 primo
501 1414 566 1469 fallo
581 1415 648 1470 Non
664 1421 752 1486 polea
772 1417 790 1469 l'
802 1432 886 1470 uomo
906 1415 1081 1470 ne’termini

116 1498 197 1564 suoi,
213 1499 274 1552 Mai
289 1501 440 1570 soddisfar,
456 1519 510 1572 per
524 1520 582 1556 non
597 1510 682 1574 poter
708 1505 736 1557 ir
758 1503 840 1572 qiuso
862 1503 922 1557 Gon
941 1505 1078 1557 umiltate

118 1588 274 1664 obediendo
288 1590 353 1658 poi,
365 1589 478 1654 Quanto
489 1591 688 1646 disobediendo
702 1593 790 1645 imese
802 1591 831 1644 ir
843 1607 945 1646 susa...
959 1593 1082 1662 Dumque

120 1694 140 1732 α
153 1677 210 1731 Dio
223 1681 361 1732 convenia
377 1695 429 1733 con
445 1681 470 1734 le
484 1681 527 1734 vie
540 1696 589 1734 sue
601 1680 736 1750 Riparar
750 1680 768 1734 l’
778 1696 862 1734 uomo
879 1696 898 1734 a
912 1696 967 1736 sua
984 1679 1081 1734 intera

117 1764 193 1834 vita,
211 1765 283 1820 Dico
299 1783 351 1821 con
367 1769 384 1823 l’
395 1785 454 1823 una
469 1786 552 1824 ovver
567 1786 619 1824 con
635 1768 790 1823 ambedue:
807 1768 883 1836 Par„
899 1782 953 1836 vn,
968 1767 1017 1836 40,
1033 1766 1078 1820 97.

194 1855 240 1909 21.
260 1855 380 1910 Punitio
405 1873 463 1911 non
486 1863 526 1910 est
544 1857 718 1929 simpliciter
733 1874 824 1929 poena
843 1857 988 1925 injuriam
1008 1857 1083 1928 infe·

119 1945 231 2015 remis,
250 1950 302 1999 etc.
323 1945 362 1999 La
381 1945 529 2016 punizione
550 1962 632 2000 «non
651 1947 666 2000 ὁ
685 1931 912 2017 semplicemente
932 1961 988 1999 una
1007 1961 1079 2016 pena
1116 1985 1119 1989 -

121 2035 182 2088 allo
201 2033 393 2104 ίηρίανίαηίε,
414 2051 459 2089 ma
477 2052 550 2106 pena
568 2037 632 2091 data
655 2037 709 2091 allo
731 2035 899 2105 ingiuriante
921 2034 957 2089 da
978 2035 1023 2089 chi
1042 2034 1078 2088 ha

117 2121 315 2192 giurisdizione
333 2122 362 2176 di
376 2122 509 2192 punire.»
530 2125 565 2179 Di
584 2127 621 2180 tal
639 2125 718 2195 guisa
737 2125 757 2179 il
776 2124 869 2180 Ficino
888 2123 1041 2195 volgarizza
1058 2122 1079 2176 il

118 2218 192 2268 testo
207 2228 240 2267 or
254 2212 382 2281 allegato·
394 2212 446 2266 Nel
459 2214 541 2284 quale
555 2214 623 2268 deve
636 2215 710 2269 senz'
716 2215 787 2269 altro
800 2215 822 2268 ri
826 2215 901 2282 porsi
915 2230 1026 2286 (tpoena
1039 2213 1081 2268 in·

113 2301 235 2370 jurium
249 2300 427 2370 inserenti,›>
448 2302 499 2356 che
513 2302 536 2356 si
548 2303 691 2357 conforma
706 2305 749 2357 col
763 2303 831 2360 Cod.
847 2301 995 2371 Vaticano,
1012 2303 1081 2358 dove

118 2389 184 2446 altri
204 2391 261 2443 mal
280 2390 315 2444 ha
330 2391 445 2445 creduto
460 2391 488 2444 di
502 2392 625 2461 leggervi
646 2392 855 2462 «inferendi.›)
873 2392 904 2443 D'
915 2393 986 2444 altra
1002 2396 1082 2460 parte

120 2477 339 2548 «inferentis,›>
356 2479 452 2534 com's
470 2479 543 2532 nella
558 2477 685 2546 Volgata,
704 2494 761 2532 non
777 2477 907 2548 risponde
922 2477 976 2532 alla
991 2477 1082 2532 forma

119 2565 286 2620 correlativa
301 2567 353 2621 che
368 2567 512 2638 prendono
530 2566 556 2620 le
572 2567 667 2637 parole
684 2566 868 2636 susseguenti.

194 2655 239 2710 33.
263 2657 391 2712 Tiberius
409 2657 522 2726 Coesar,
540 2656 569 2709 in
585 2672 668 2710 mano
685 2657 711 2710 al
726 2657 808 2727 quale
827 2655 958 2727 l'Aquila
973 2655 1085 2711 Roma·

120 2759 176 2812 na,
192 2760 242 2814 per
257 2746 434 2800 concessione
451 2745 522 2800 della
537 2745 602 2800 viva
618 2745 760 2800 Giuslt'zia
778 2745 806 2799 di
821 2745 885 2814 Dio,
901 2746 964 2816 pots
982 2743 1084 2800 sortire

121 2835 152 2888 la
166 2834 264 2904 yloria
277 2835 309 2888 di
319 2837 370 2905 sar
385 2835 515 2891 vendens
528 2829 657 2892 alla'sua
672 2838 732 2906 ira,
746 2841 892 2910 provocata
904 2834 969 2890 dall'
980 2849 1092 2889 umans

121 2921 218 2993 colpa:
236 2922 375 2994 Par.,V1‚
393 2923 437 2980 90.

196 3008 241 3063 37.
262 3009 421 3067 Herodes...
435 3012 583 3068 Christum
593 3013 691 3068 Pilato
705 3013 817 3068 remIsit
830 3011 867 3066 ad
875 3012 1080 3081 judicandum.

123 3097 215 3154 Cristo
234 3115 250 3153 a
270 3099 308 3154 tal
329 3099 458 3169 Giudice,
480 3101 635 3171 orgoglioso
657 3101 730 3156 della
750 3102 862 3174 propria
880 3106 1011 3172 potenza,
1026 3100 1082 3155 hen

122 3187 163 3258 gli
183 3187 242 3241 fece
261 3187 419 3258 ripensare,
436 3189 542 3244 com’ei
562 3194 671 3244 lenesse
690 3189 776 3244 allora
795 3190 820 3243 le
840 3190 898 3243 veci
917 3189 945 3242 di
964 3190 1079 3258 Cesaoe,

122 3294 138 3331 e
155 3276 206 3330 che
222 3278 314 3346 percis
327 3278 345 3331 l'
355 3277 469 3349 Usficz'o,
482 3278 527 3333 cui
542 3278 661 3346 serviva,
678 3295 726 3333 era
741 3278 777 3332 da
791 3277 857 3334 Dio:
870 3278 953 3332 «Lux
967 3292 1082 3333 Nessus

123 3365 288 3420 desursum
304 3381 361 3420 esse
377 3367 505 3436 aperuit,
528 3367 603 3438 quod
616 3366 665 3420 ille
672 3366 817 3436 jactabat,
833 3367 885 3439 qui
900 3359 1026 3422 Coesdris
1041 3368 1081 3422 ibi

122 3454 307 3509 Auctoritate
323 3455 436 3509 vicaria
455 3456 585 3528 yerebat,
602 3455 746 3526 officium:
764 3474 778 3509 ι)
797 3455 847 3528 Ep.
865 3455 900 3512 1t.
914 3455 1022 3530 Rem
1039 3469 1079 3511 lx.

196 3543 299 3598 44.1n
322 3549 443 3615 utroque
468 3545 602 3602 termino.
626 3545 715 3600 Gristo
740 3545 871 3600 nell'uno
896 3561 911 3600 e
935 3544 1081 3600 nell'altro
