2560 4022
471 210 557 252 mersa
574 211 692 255 paruus.
1011 201 1045 256 37

119 339 306 400 Florentinus
339 337 461 399 nomine
492 340 597 401 Castro
626 349 854 421 composuerat;
886 343 1044 424 incipiebat

118 445 239 507 etenim:
1066 461 1094 504 ‘20

274 585 362 640 «Una
375 583 465 639 lerina
476 600 556 640 vosoo
570 583 616 656 poi
629 584 666 640 da
681 583 785 640 Cascoli

301 678 363 750 Qita
379 678 434 745 cita
449 695 497 733 sen
513 681 540 749 gl
553 697 569 735 a
583 680 688 750 grande
703 682 803 737 aina.»

121 817 192 876 Post
202 836 277 893 quos
288 815 528 878 Mediolanenses
538 862 545 890 ,
557 822 648 894 atque
661 816 869 894 Bergomates,
881 837 1044 898 eorumque

122 920 259 983 finitimos
286 939 480 982 erunoemus:
505 921 536 981 ln
561 941 689 998 quorum
714 923 805 985 etiam
831 924 1045 1005 improperium

122 1033 280 1108 quemdam
298 1028 443 1090 cecinisse
458 1029 631 1091 recolimus:
1069 1044 1096 1088 25

274 1171 333 1225 «ln
347 1176 374 1225 ta
390 1171 464 1225 l’ora
479 1170 524 1225 del
537 1171 644 1243 Vesper

299 1267 346 1320 zio
360 1267 390 1320 lu
406 1266 451 1321 dol
466 1283 525 1321 mes
540 1266 567 1321 d’
578 1267 723 1356 Ochiover.
745 1289 758 1324 a

119 1397 191 1462 Post
207 1400 263 1460 hos
280 1397 506 1476 Aquilejenses,
524 1405 553 1461 et
568 1401 710 1464 Istrianos
728 1405 891 1468 cribremus
901 1452 908 1481 ,
928 1406 976 1485 qui
995 1409 1045 1487 §aa

119 1508 210 1585 foetu,
239 1505 403 1566 crudeliter
428 1509 649 1582 accentuando,
677 1517 821 1573 eructant.
845 1512 982 1591 Cumque
1008 1514 1043 1576 iis

119 1615 306 1676 montaninas
329 1631 454 1687 omneS,
476 1619 505 1674 et
525 1616 691 1678 rusticanas
716 1620 850 1696 loquelas
877 1621 1045 1700 ejiciamus,
1065 1637 1095 1683 ³0

123 1741 189 1798 quae
213 1740 332 1799 semper
358 1720 544 1782 mediastinis
571 1722 683 1784 civibus
709 1732 851 1788 accentus
868 1731 1045 1791 enormitate

125 1827 274 1888 dissonare
299 1827 451 1899 videntur,
481 1832 515 1886 ut
543 1825 790 1902 casentinensen
819 1836 848 1890 et
874 1833 1043 1894 Pratenses.

122 1934 228 1996 Sardos
250 1934 356 2006 etiam,
379 1932 429 2009 qui
450 1952 511 1994 non
531 1931 628 1993 Latini
648 1939 730 2007 sunt,
753 1935 807 1996 sed
828 1935 938 1998 Latinis
961 1939 1044 2000 adso

119 2040 213 2104 claudi
240 2042 394 2114 ridentur,
417 2039 586 2118 ejiciamus:
608 2041 751 2119 quoniam
768 2043 823 2105 soli
842 2044 905 2106 sine
925 2046 1044 2124 proprio

120 2155 234 2231 Vulgari
258 2172 327 2214 esse
352 2151 501 2223 videntur,
523 2149 770 2223 Grammaticam,
791 2154 935 2227 tanquam
952 2151 1044 2212 simiae
1063 2162 1090 2206 55

124 2259 270 2333 homineS,
285 2258 452 2330 imitantes,
467 2275 540 2318 nam
557 2257 668 2317 Domus
683 2276 745 2317 mea
752 2301 760 2330 ,
775 2264 801 2318 et
813 2259 955 2321 Dumium
967 2281 1045 2321 neue

122 2365 287 2443 loquuntur.

492 2546 589 2608 Carur
606 2547 668 2607 XII.

391 2725 425 2768 De
439 2725 553 2769 idiomate
563 2721 643 2766 Siculo
653 2727 677 2766 et
686 2724 769 2776 Apulo.

196 2897 393 2962 Exacceratis
415 2898 636 2974 quodammodo
657 2896 834 2972 Vulgaribus
855 2898 948 2972 Italis,
968 2899 1044 2962 inter

121 3024 168 3080 ea,
196 3027 267 3084 quae
295 3009 509 3067 remanserunt
531 3005 562 3065 in
592 3004 706 3078 cribro,
730 3004 984 3080 comparationem
1005 3007 1045 3066 f-

124 3112 244 3188 eientes,
276 3114 496 3186 honorabilius,
523 3120 613 3192 atque
637 3112 894 3187 honorificentius,
916 3114 1043 3175 breviter

122 3220 291 3299 seligemus.
318 3221 355 3281 Et
383 3220 479 3299 primo
510 3223 547 3281 de
576 3220 711 3282 Siciliane
737 3221 942 3283 examinemus
965 3222 1044 3300 inge·

122 3325 223 3403 nium,
250 3349 326 3389 nam
356 3327 471 3388 videtur
499 3324 669 3386 Sicilienum
698 3326 826 3403 Vulgare
850 3325 905 3385 sibi
932 3325 1078 3387 famame

121 3447 177 3504 prae
199 3433 267 3494 aliis
295 3431 477 3526 adsciscere,
500 3451 534 3492 eo
554 3431 634 3508 quod
652 3430 792 3522 quicquid
808 3436 967 3508 poetantur
980 3431 1045 3491 Itali

124 3529 295 3595 Sicilianum
315 3539 448 3606 vocatur,
467 3537 495 3593 et
513 3551 549 3592 eo
572 3531 651 3608 quod
674 3530 828 3608 perplures
848 3529 985 3589 doctores
1002 3527 1044 3586 in-
