2590 4038
516 202 673 244 sennenn.
1014 191 1066 248 171

101 313 225 382 genuina
237 313 361 383 lenone,
373 331 420 370 nra
432 317 499 386 che,
515 315 544 370 in
558 313 690 386 riguardo
704 314 738 370 ad
752 331 828 383 essa,
844 315 868 371 si
883 315 972 372 debba
985 332 1068 388 parre

103 401 295 456 «stultitiam
316 421 330 457 a
347 401 443 458 insece
462 403 490 458 di
511 404 676 458 «stultitia.
694 421 708 457 n
725 403 776 456 Del
791 408 880 473 resto,
897 421 914 459 a
928 421 974 460 me
989 405 1069 462 hasta

100 489 128 544 d’
136 489 309 561 investigare
324 493 351 546 le
366 494 479 565 proprie
494 493 643 550 intenzioni
658 494 685 548 di
705 492 809 562 Dante,
830 509 912 548 senza
927 496 963 548 ni
980 501 1068 566 punto

101 578 195 634 dormi
218 579 302 650 briga
320 579 349 635 di
368 598 552 653 corrcggerne
569 583 598 639 la
616 581 817 652 Grammatico,
838 583 875 637 ni
894 587 1021 654 tampoco
1040 584 1069 640 di

101 668 249 724 stabilirne
266 669 362 739 regale
376 671 403 726 al
418 671 503 727 modo
519 688 583 728 suo.

397 899 540 956 Gneirono
559 900 592 955 V.
604 901 716 972 -Pag
733 901 777 958 59.

175 1112 240 1168 Lin.
261 1112 309 1168 14,
329 1111 457 1178 Quorum
473 1115 606 1172 amatam
624 1115 790 1187 speciositas
810 1115 904 1187 magis
923 1116 1070 1191 multipii-

101 1206 187 1258 catar
200 1200 235 1256 in
249 1201 320 1271 iilo,
339 1207 392 1258 etc.
413 1203 436 1258 Ι1
449 1201 705 1274 Volgarizzamento
721 1221 737 1259 a
753 1204 794 1259 cii
810 1203 1005 1276 corrisponde:
1025 1204 1071 1261 La

102 1291 226 1348 beiiczza
238 1291 316 1346 dalle
331 1292 414 1362 quali
427 1308 488 1346 ccsc
507 1298 578 1350 tatto
598 1293 624 1348 si
638 1292 801 1364 moitiplica
816 1294 848 1348 in
863 1309 922 1348 csso
942 1294 1067 1352 Endera-

103 1379 211 1436 silleho.
227 1379 293 1434 Edi
306 1380 355 1452 qoi
368 1379 389 1434 il
400 1379 488 1436 Witte
501 1381 523 1435 s'
532 1381 646 1436 indusse
659 1399 676 1436 a
689 1382 829 1438 sosiituire
847 1400 860 1437 o
874 1383 1064 1454 speciositas»

63 1463 65 1468 ’
103 1470 132 1525 in
145 1470 232 1542 luogo
248 1469 280 1524 di
297 1487 312 1524 o
326 1469 481 1542 specimen,
495 1489 508 1524 n
526 1471 577 1526 che
595 1471 619 1526 si
637 1471 774 1526 riscontra
789 1472 833 1526 ne’
844 1471 937 1527 Codici
961 1490 977 1528 e
993 1474 1067 1530 neila

105 1561 228 1632 Stampe.
238 1559 283 1616 Ne
294 1561 367 1616 male
382 1561 404 1615 s’
414 1577 532 1632 eppose,
548 1561 683 1632 perocchi
698 1561 716 1614 1’
728 1561 833 1615 Autore
849 1561 924 1632 quivi
939 1561 1068 1618 intesedi

104 1649 190 1706 dasne
202 1649 329 1706 notabile
341 1650 483 1705 conferma
497 1651 549 1704 che
565 1651 592 1705 la
606 1649 758 1722 speciositci
772 1649 807 1704 od
824 1649 977 1706 elevatezza
992 1650 1066 1708 delle

104 1743 244 1810 sentence,
265 1738 339 1794 delle
358 1739 532 1795 costrazioai
557 1757 572 1795 e
596 1739 796 1805 de'cocabcii,
818 1739 993 1796 eonfocevole
1013 1741 1068 1799 3113

102 1827 291 1898 prandiositii
310 1827 465 1899 delirasse,
481 1835 581 1901 potera
595 1830 650 1892 ben
666 1829 714 1900 pin
729 1828 921 1899 moliiplicarsi
940 1829 1006 1884 nell*
1014 1830 1068 1886 En·

103 1917 274 1973 decasillabo
282 1958 291 1986 ,
307 1918 358 1972 che
371 1919 475 1974 insiliri
494 1918 568 1974 versi
582 1918 610 1972 di
626 1934 709 1973 meno
725 1917 838 1988 siliahe,
853 1918 863 1972 i
877 1918 954 1990 quali
968 1919 1068 1976 hanno

103 2023 122 2062 a
134 2007 332 2077 comprendet*
344 2012 424 2062 tanto
433 2023 506 2079 poco
519 2025 595 2062 seno.
610 2007 673 2063 Coei
686 2009 712 2062 le
724 2007 808 2079 pravi
821 2023 836 2062 e
849 2009 972 2080 pregiaie
986 2025 1063 2081 cose,

102 2095 233 2152 venando
254 2095 291 2150 ad
317 2112 411 2152 essere
434 2097 463 2152 in
489 2097 614 2168 maggior
628 2113 748 2152 numero
763 2096 1064 2170 nell’Endecasiilabo,

103 2186 130 2242 la
144 2185 278 2242 randena
292 2185 321 2240 di
336 2185 461 2257 maggior
476 2187 592 2258 praeitis
608 2203 624 2240 ο
635 2203 716 2256 peso.

177 2274 223 2330 20.
246 2292 261 2330 a
277 2275 335 2331 Ara
353 2275 472 2330 auziretz
492 2275 643 2331 encehalitz
662 2277 805 2346 chaniars,
824 2295 838 2332 a
858 2277 902 2333 val
916 2278 1067 2350 pressoehi

105 2364 182 2422 dire:
203 2363 266 2422 Ora
279 2366 393 2421 adirete
405 2364 596 2437 perscaioaati
612 2365 736 2422 cantari.

178 2455 223 2512 30.
247 2455 302 2511 Ubi
319 2454 346 2509 si
363 2455 558 2510 consideratas
577 2459 725 2526 acceptas,
741 2459 768 2510 ci
782 2454 843 2526 ejas
857 2473 960 2526 caasa,
975 2458 1066 2514 Ende-

106 2542 278 2614 easyllahum
302 2559 360 2598 esse
378 2541 527 2598 constabit.
547 2541 754 2612 siccaneae,
778 2544 829 2598 che
847 2561 897 2600 ove
916 2546 946 2600 in
965 2551 1065 2617 questo

106 2649 204 2688 serso:
227 2633 303 2687 «De
317 2632 359 2704 fin
371 2633 466 2688 Amor
484 2632 510 2686 si
528 2631 605 2688 vient
623 2649 672 2687 sca
691 2637 718 2687 ct
737 2633 833 2701 boatc',
851 2651 865 2686 n
886 2633 908 2687 si
928 2633 1065 2688 consideri

104 2722 122 2776 1’
132 2726 248 2778 oceania
261 2723 413 2794 principale
427 2740 443 2778 c
458 2722 526 2777 dove
536 2739 622 2793 posa,
634 2722 693 2777 cici
705 2720 742 2775 da
754 2720 853 2776 ultimo
863 2760 871 2789 ,
881 2720 906 2775 si
918 2721 1067 2778 conosceri

106 2811 156 2868 che
172 2810 201 2866 13
213 2810 349 2866 sillabate'
360 2828 376 2866 o
386 2811 417 2866 iic
427 2811 455 2866 di
468 2811 567 2878 boati,
584 2827 635 2882 per
650 2825 742 2864 essere
758 2808 951 2879 comprensiva
966 2808 994 2862 di
1009 2809 1064 2865 due

105 2901 220 2971 sillabe,
239 2901 321 2956 basta
343 2917 360 2956 3
383 2902 522 2974 compiere
544 2903 570 2956 13
589 2901 715 2973 quantita¹
736 2897 917 2954 conveniente
942 2897 969 2952 al
984 2914 1066 2953 verso

105 2989 274 3046 suindicato.
292 2989 390 3045 Pereia
404 2990 443 3045 mi
458 3007 509 3046 son
524 2988 652 3045 eonvinto
671 2989 722 3044 che
740 2987 781 3042 sia
795 3003 812 3041 a
827 2985 953 3040 scrivcrsi
974 3002 988 3040 o
1004 2987 1064 3056 cias

103 3097 244 3153 pausam
261 3098 277 3136 e
291 3096 349 3136 non
364 3081 408 3152 gii
424 3082 510 3152 «ejas
525 3097 626 3148 caasa,
643 3098 657 3134 n
672 3075 794 3135 secondo
809 3075 860 3131 che
876 3075 956 3144 legge
966 3075 1063 3132 131131-

104 3175 178 3240 gata.
194 3171 282 3226 Bensi
296 3169 492 3239 m’avviserei,
511 3169 562 3224 che
581 3169 653 3239 dopo
670 3185 684 3222 3
701 3169 855 3222 accentus»
871 3163 936 3219 31331
955 3182 1066 3222 omesso

107 3261 171 3314 «in
186 3275 240 3332 per
255 3258 402 3329 designare
415 3259 434 3314 1’
444 3263 556 3314 aocenio
575 3263 676 3323 stesso,
696 3255 769 3311 ande
785 3255 809 3310 si
823 3254 918 3312 finisse
936 3255 957 3310 il
975 3271 1064 3312 verse.

104 3349 176 3406 Vedi
195 3355 262 3404 noia
280 3349 335 3405 alia
349 3349 399 3404 lin.
416 3347 464 3418 35,
480 3347 563 3418 Vulg.
580 3347 635 3416 Ε1.,
652 3359 676 3414 1,
697 3345 741 3399 15.

176 3438 224 3494 42.
245 3437 326 3493 Licet
337 3437 390 3492 hoc
403 3435 650 3507 Endecasyllahum
663 3434 881 3493 celeberrimam
890 3423 1024 3499 carmen,
1033 3439 1067 3488 ui

104 3525 224 3600 dignum
239 3533 299 3598 est,
318 3526 452 3585 videatur
466 3528 608 3584 omaiicm.
624 3527 680 3582 Per
694 3525 783 3598 giusta
799 3525 1003 3598 aecorgimenio
1018 3520 1064 3577 dei
