2590 4038
246 177 300 238 238
363 205 367 214 ·
599 193 638 235 ns
655 191 835 236 nouandum.

328 329 478 388 Praeterea
495 327 593 407 prima
608 343 658 386 res
679 321 785 384 dicitur
805 337 873 384 esse
893 319 1015 396 melior,
1039 342 1095 401 per
1117 343 1188 388 esse

198 439 224 485 15
247 430 441 510 propinquior
469 430 607 510 optimae,
630 433 661 488 et
685 427 752 490 finis
775 427 868 490 habet
893 425 1042 486 rationem
1065 426 1184 505 optimi:

248 538 302 598 sed
315 536 378 596 tieri
392 555 555 615 perunum
570 543 616 596 est
630 533 824 614 propinquius
840 531 904 612 fini:
918 551 989 611 ergo
1003 539 1050 594 est
1065 533 1186 596 melius.

231 643 284 703 'Et
301 643 381 720 quod
399 641 436 703 sit
454 641 663 721 propinquiuS,
681 645 764 719 patet
779 639 838 700 sic:
855 638 899 700 Sit
917 638 983 698 finis
999 637 1034 712 0,
1050 638 1115 698 fieri
1129 658 1185 718 per

247 767 343 810 unum
359 749 398 822 Α,
416 768 470 827 per
486 750 572 828 plura
586 749 616 809 Ar
627 757 657 810 et
678 748 711 808 B.
732 746 923 808 Manifestum
941 749 1001 819 est,
1019 747 1102 823 quod
1122 748 1185 818 lon·

248 853 312 932 gior
329 862 376 916 est
393 853 439 915 via
458 855 497 914 ab
512 854 538 915 A
555 873 609 932 per
626 853 650 914 B
667 853 699 914 in
714 852 756 926 G,
772 872 864 930 quam
876 849 916 912 ab*
930 852 956 912 A
969 857 1088 913 tantum
1102 851 1134 912 in
1148 851 1183 914 C.

200 975 228 1020 ao
249 959 309 1020 Sed
326 961 493 1018 humanum
511 958 612 1018 Genus
630 962 730 1034 potest
746 954 810 1031 regi
825 971 988 1032 perunum
1004 972 1184 1031 supremum

246 1067 429 1144 Principem,
448 1064 497 1142 qui
516 1069 563 1125 est
586 1065 766 1124 Monarcha:
784 1067 906 1141 propter
926 1062 1006 1138 quod
1023 1062 1181 1122 adverten-

247 1174 320 1232 dum
337 1191 423 1242 sane,
445 1171 526 1247 quod
544 1187 614 1229 cum
632 1168 755 1242 dicitur,
773 1169 940 1228 humanum
961 1168 1061 1240 Genus
1080 1173 1182 1246 potest

245 1277 309 1354 regi
324 1296 378 1356 per
393 1295 488 1337 unum
503 1293 680 1354 supremum
694 1273 877 1352 Principem,
888 1292 950 1333 non
962 1273 1005 1334 sic
1019 1273 1184 1350 intelligen-

245 1381 318 1442 dum
336 1386 395 1454 est,
415 1385 447 1441 ut
465 1379 590 1441 minima
607 1379 716 1458 judicia
738 1381 955 1459 cujuscumque
975 1378 1123 1458 Municipii
1145 1381 1184 1442 ab
1293 1391 1294 1400 ’

197 1498 224 1542 re
243 1487 292 1548 illo
309 1505 370 1548 uno
388 1485 561 1548 immediate
579 1486 697 1565 prodire
718 1487 941 1565 possintr‘cum
964 1493 993 1549 et
1014 1488 1097 1564 leges
1119 1507 1183 1550 mu·

244 1593 388 1672 nicipales
407 1594 589 1671 quandoque
603 1593 755 1667 deficiant,
771 1598 800 1654 et
814 1613 888 1672 opus
903 1595 1035 1655 habeant
1049 1594 1184 1656 directio·
1227 1595 1230 1600 “

244 1715 296 1769 ne,
314 1701 348 1755 ut
361 1701 445 1774 patet
460 1717 514 1775 per
527 1700 731 1776 Philosophum
744 1700 773 1760 in
786 1704 885 1780 quinto
898 1704 936 1762 ad
947 1703 1180 1779 Nicomachum,

248 1801 398 1862 ἐπιιὶκειαν
425 1804 699 1864 commendantem.
724 1803 846 1864 Habent
868 1824 1000 1882 namque
1024 1806 1179 1882 nationes,

167 1941 170 1947 ,
245 1925 351 1984 regna,
370 1911 401 1968 et
420 1905 569 1979 civitates,
586 1905 665 1967 inter
684 1927 718 1968 se
738 1909 946 1987 proprietates,
969 1929 1045 1986 quas
1065 1910 1180 1986 legibus

195 2015 225 2061 50
247 2011 452 2072 differentibus
471 2012 598 2088 regolari
615 2019 743 2090 oportet.
761 2015 814 2074 Est
830 2013 910 2076 enim
929 2016 992 2076 Lex
1014 2019 1117 2095 reputa
1138 2018 1181 2076 di·
1293 2001 1294 2010 ἵ

242 2121 348 2178 reoiva
361 2120 437 2178 vitoe.
455 2113 548 2177 Afiter
568 2119 678 2195 quippe
695 2119 822 2195 regulari
840 2124 957 2196 oportet
969 2119 1112 2195 ScythaS,
1128 2118 1179 2196 qui

245 2228 331 2283 extra
347 2219 513 2298 septimum
530 2222 618 2282 clima
634 2223 780 2296 viventeS,
799 2228 830 2284 et
848 2243 991 2300 magnam
1012 2224 1131 2284 dierum
1150 2229 1179 2286 et

244 2320 378 2382 noctium
393 2321 629 2401 inaequalitatem
645 2325 809 2402 patientes,
830 2326 1006 2389 intolerabili
1029 2331 1118 2407 quasi
1141 2331 1180 2390 al·
1293 2399 1294 2408 χ

243 2449 315 2507 gare
332 2427 449 2505 frigoris
466 2436 645 2507 premuntur
651 2453 659 2503 ;
678 2437 707 2491 et
723 2431 808 2490 aliter
825 2430 1038 2508 Garamantes,
1056 2431 1107 2510 qui
1122 2434 1178 2494 suh
1293 2421 1294 2434 ³

195 2543 222 2587 55
243 2530 439 2610 aequinootiali
459 2530 650 2607 habitantes,
669 2538 699 2594 et
725 2538 912 2610 coaequatam
937 2556 1058 2616 semper
1078 2539 1180 2599 lucem
1293 2597 1294 2602 ,

245 2637 384 2698 diurnam
408 2637 505 2698 noctis
528 2638 661 2699 tenebris
682 2639 842 2715 habentes,
865 2643 904 2702 ob
925 2652 1016 2704 aestus
1036 2646 1116 2706 atris
1136 2645 1179 2704 ni·

243 2747 398 2810 mietatem
414 2749 601 2812 vestimentis
617 2753 725 2830 operiri
739 2773 800 2814 non
814 2763 949 2832 possunt.
963 2756 1024 2817 Sed
1037 2755 1080 2818 sic
1094 2758 1179 2818 intel·
1293 2743 1294 2766 ³

243 2856 396 2934 ligandum
413 2865 475 2932 est,
491 2863 523 2919 ut
539 2859 707 2919 humanum
724 2859 824 2919 Genus
842 2861 1006 2921 secundum
1024 2879 1080 2920 sua
1098 2879 1178 2922 com·

244 2962 361 3038 munia,
382 2981 450 3040 quae
474 2962 613 3023 omnibus
639 2967 826 3042 competunt,
854 2965 893 3024 ab
918 2983 954 3025 eo
981 2972 1122 3042 regatur,
1148 2973 1178 3028 et

196 3077 228 3122 40
247 3068 400 3128 communi
415 3069 518 3146 regula
539 3070 722 3146 gubernetur
741 3070 780 3129 ad
799 3089 912 3147 pacem.
936 3069 1034 3144 Quam
1055 3071 1178 3148 quidem

244 3175 380 3251 regulam
397 3176 458 3237 sive
475 3179 588 3253 legem,
606 3175 802 3255 particulares
819 3173 973 3253 Principes
989 3175 1028 3234 ab
1046 3193 1082 3236 eo
1107 3174 1179 3236 rcci-

243 3297 316 3356 pere
333 3280 456 3340 debent:
474 3285 623 3358 tanquam
642 3281 810 3340 intellectus
831 3279 978 3358 practicus
999 3282 1038 3342 ad
1058 3279 1178 3342 conclu·

243 3382 361 3444 sionem
378 3386 564 3462 operativam
584 3388 688 3468 recipit
709 3389 856 3466 majorem
877 3386 1113 3467 propositionem
1139 3390 1179 3449 ab

243 3489 394 3553 intellectu
422 3491 619 3570 speculativo:
643 3500 673 3556 et
696 3496 753 3556 sub
780 3493 830 3555 illa
856 3495 1082 3573 particularem,
1111 3513 1179 3572 quae
