2578 4038
381 307 384 312 .
426 268 513 310 niune
531 270 664 312 reurrus.
954 259 1008 316 287

70 399 143 475 quia
161 398 307 476 quidquid
328 397 408 459 Deus
429 396 512 471 dixit,
536 398 593 458 hoo
613 391 680 459 fecit
702 398 814 472 solum,
836 403 865 458 et
887 398 943 459 hoo
963 419 1008 460 re·

72 505 148 564 tulit.
170 504 259 564 Unde
280 503 449 576 sciendum,
471 504 552 579 quod
575 504 655 564 aliud
681 511 728 564 est
754 523 821 564 esse
844 505 1006 580 Vivarium,

72 609 154 668 aliud
174 612 222 666 est
239 625 307 666 esse
323 608 469 666 Nunoiam
488 607 549 666 sive
565 609 754 684 Maiarum
771 607 847 669 siout
863 608 943 668 aliud
961 615 1007 668 est

71 731 143 772 esse
161 714 329 790 Ductorem,
346 712 426 772 aliud
447 717 493 772 est
514 731 582 772 esse
608 713 801 788 Interpretari.
822 710 900 770 Nam
928 711 1008 769 Vira-

71 821 141 878 rina
157 826 220 892 est,
235 819 280 879 eui
292 819 457 896 jurisdictio
475 838 544 879 oum
560 820 625 896 lege
642 818 689 877 vel
705 836 774 878 oum
788 815 910 878 arbitrio
928 835 1007 876 oom-
1026 821 1055 866 20
1117 829 1121 840 ’

71 923 171 984 missa
191 929 238 984 est
246 949 254 998 ;
276 931 306 985 et
331 925 399 985 ideo
423 925 501 986 intra
527 926 671 986 terminos
693 924 907 1003 jurisdictionis
929 942 1008 984 eom·

72 1033 179 1094 missae
193 1034 231 1093 de
243 1033 310 1108 lege
323 1033 370 1092 vel
384 1034 421 1093 de
436 1033 558 1100 arbitrio
572 1040 672 1110 potest
688 1051 777 1109 egere
791 1031 869 1092 cirea
883 1029 1007 1108 aliquid,

71 1140 158 1216 quod
176 1139 317 1199 dominus
334 1139 455 1198 omnino
469 1138 594 1215 ignorat.
612 1133 744 1198 Nirneius
761 1141 863 1198 autem
879 1157 940 1197 non
958 1155 1007 1214 po·

30 1293 37 1302 .
74 1247 148 1313 test,
167 1239 200 1300 in
217 1246 364 1316 quantum
380 1243 519 1301 aramue:
537 1242 590 1302 sed
607 1243 863 1328 quemadmodum
879 1244 1007 1304 malleus

73 1347 142 1407 sola
159 1345 269 1405 virtute
286 1345 363 1404 fabri
380 1342 534 1421 oneratur,
552 1346 594 1404 sio
611 1349 640 1403 et
656 1344 782 1404 nuncius
800 1345 864 1404 solo
884 1345 1007 1405 arbitrio
1027 1354 1054 1399 25

73 1453 143 1530 ejus
162 1450 214 1527 qui
231 1449 320 1509 mittit
336 1449 428 1510 ilium.
446 1449 514 1510 Non
531 1449 617 1525 igitur
639 1451 786 1526 sequitur,
810 1452 835 1510 si
856 1453 936 1512 Deus
954 1472 1008 1528 per

73 1555 222 1616 nuncium
234 1555 408 1614 Samuelem
418 1555 487 1614 fecit
501 1555 570 1628 hoe,
586 1557 666 1632 quod
677 1555 811 1615 Vinarius
828 1555 881 1614 Dei
895 1555 952 1614 hoo
967 1555 981 1613 f
999 1587 1008 1596 -

73 1683 144 1725 cere
159 1663 255 1741 possit
271 1661 413 1722 similiter.
426 1662 518 1722 Multa
532 1662 612 1722 enim
622 1661 703 1720 Deus
717 1679 771 1737 per
780 1659 910 1735 Angelos
925 1659 1007 1732 iecit,

75 1769 197 1831 etfacit
218 1774 248 1828 et
272 1768 406 1828 fecturus
429 1773 488 1842 est,
510 1787 577 1845 quae
596 1767 728 1827 Vioarius
749 1767 817 1840 Dei,
839 1767 919 1826 Petri
937 1767 1007 1828 Suo·

74 1894 195 1948 oessor,
217 1873 315 1934 faeere
336 1893 397 1935 non
413 1879 520 1952 potest.
538 1874 625 1935 Unde
649 1878 861 1950 argumentum
880 1873 1006 1933 istorum
1027 1885 1056 1930 50

76 1988 123 2041 est
147 2001 166 2040 a
185 1985 250 2041 toto
271 1982 310 2040 ad
332 1989 447 2059 partem
455 2027 463 2056 ,
486 1985 687 2045 construendo
713 1985 766 2046 sio:
790 1985 889 2045 Homo
911 1988 1011 2062 potest

74 2089 186 2146 andire
204 2093 233 2146 et
249 2090 359 2166 ridere,
377 2109 447 2166 ergo
462 2090 565 2150 oculus
580 2096 679 2168 potest
693 2095 796 2153 audire
810 2100 839 2154 et
855 2094 966 2169 ridrre;
981 2098 1011 2152 et

29 2179 31 2184 ⁵
77 2192 136 2252 hoo
154 2212 217 2252 non
237 2196 328 2252 tenet.
350 2193 480 2254 Teneret
501 2201 603 2255 autem
619 2199 806 2259 destructive
827 2199 884 2259 sio:
911 2198 1010 2258 Homo

78 2317 141 2357 non
164 2303 266 2374 potest
290 2300 401 2374 ooiure,
420 2318 489 2376 ergo
516 2318 572 2360 neo
592 2302 715 2362 brachia
735 2303 863 2364 hominis
885 2309 1014 2380 possunt,

79 2407 183 2466 dolore.
203 2406 241 2464 Et
258 2405 393 2466 similiter
415 2406 475 2466 sio:
496 2406 576 2467 Deus
597 2428 651 2486 per
671 2409 814 2468 nuncium
831 2411 927 2484 faeere
953 2428 1011 2468 non
1030 2419 1057 2461 55

73 2519 168 2588 potest
182 2514 280 2590 yenita
299 2531 358 2571 uon
378 2533 435 2573 erse
452 2514 562 2591 uenite,
581 2515 666 2590 juxta
687 2514 865 2575 sententiam
882 2515 1010 2589 Agatho·

80 2617 139 2678 nis:
159 2637 231 2694 ergo
249 2635 307 2677 neo
323 2617 456 2680 Vioarius
475 2621 539 2698 ejus
560 2619 660 2680 faeere
676 2624 783 2696 potest.
876 2685 878 2692 ¹

461 2867 557 2929 Carur
578 2867 635 2928 Vll.

217 3053 392 3104 Argumentum
404 3051 434 3094 ab
448 3051 566 3096 oblatione
578 3052 701 3105 Magorum
712 3052 770 3104 quid
779 3055 884 3104 praestet.

163 3239 339 3304 Adsumunt
351 3235 441 3296 etiam
456 3237 493 3296 de
506 3236 609 3295 Litero
619 3235 749 3297 Matthaei
763 3238 918 3314 Magorum
932 3241 1012 3301 obla·

81 3343 213 3417 tionem,
241 3341 387 3414 dieentes,
416 3339 569 3402 Christum
598 3340 746 3418 recepisse
773 3341 862 3404 simul
887 3347 954 3406 titus
983 3355 1013 3407 et

80 3470 208 3527 aurum,
230 3449 269 3508 ad
290 3447 516 3524 significandum
543 3447 676 3525 seipsum
704 3468 771 3510 esse
798 3449 958 3512 dominum
983 3460 1014 3513 et

82 3555 326 3616 Gubernatorem
352 3554 559 3630 spiritualium
582 3557 611 3614 et
633 3556 863 3631 Temporoiium!
885 3557 931 3616 Ex
954 3577 1014 3634 quo
