2578 4038
210 188 264 244 280
561 204 598 246 nu
616 204 797 248 nonuncium

211 351 281 394 vero
303 308 373 396 sunt
393 337 564 397 veneranda
584 337 634 398 illa
659 340 787 400 Concilio
814 338 1003 417 principalia,
1033 340 1149 418 quibus

212 439 364 531 Christum
377 442 547 504 interfuisse
562 463 652 505 nemo
669 445 763 508 tidelis
779 445 907 506 dubitat:
924 463 1019 522 quum
1033 445 1149 506 habea·

210 567 291 620 mue,
310 548 412 626 Ipsum
430 549 540 620 dixisse
558 550 729 630 Discipulis,
749 571 947 612 ascensurum
960 551 992 611 in
1009 551 1145 612 Coelum:

162 666 192 711 ao
211 655 283 716 Eece
298 675 345 732 opo
361 657 502 717 uobiscum
516 677 581 718 suin
595 661 627 718 io
643 659 773 720 omnibus
789 659 901 735 dicimo,
917 677 1007 734 usquo
1022 659 1065 717 od
1080 675 1144 718 con·

211 763 426 822 summationem
438 764 552 842 soeculi,
563 772 596 825 ut
610 764 769 826 Matthaeus
780 769 918 824 testatur.
930 763 1006 824 Sunt
1022 769 1052 824 et
1066 765 1145 824 Sori-

205 875 306 946 ptoroe
321 867 497 942 Doctorum,
516 868 675 946 Augustini
692 876 720 930 et
737 869 880 942 aliorum,
899 888 975 947 quos
997 889 1015 930 a
1032 869 1146 947 Spiritu

212 971 323 1034 Sancto
340 973 458 1050 adjutos
474 973 540 1050 quis
557 975 685 1050 dubitat,
704 977 819 1037 fructus
834 963 939 1038 eorum
955 979 1003 1037 vel
1020 979 1144 1039 omniuo

211 1077 373 1151 numidii,
391 1080 478 1140 velsi
500 1080 585 1155 vidit,
607 1082 730 1142 minime
751 1083 926 1160 degustavit.
948 1084 1020 1144 Post
1041 1083 1144 1144 Eccle-

163 1201 189 1245 oo
211 1185 286 1246 siam
299 1203 370 1244 vero
384 1191 454 1245 sunt
471 1187 666 1265 Traditionm,
683 1207 758 1264 quas
769 1189 928 1248 Decretolce
942 1188 1061 1248 dicunt:
1077 1205 1144 1265 quae

211 1285 344 1363 quidem,
358 1285 414 1346 etsi
422 1286 608 1349 Auctoritate
618 1290 790 1368 Apostolica
803 1291 862 1351 sint
876 1293 1068 1366 venerandae,
1079 1293 1145 1353 fun·

212 1390 375 1451 dameutali
392 1398 494 1453 tamen
510 1393 670 1473 scriptume
686 1399 910 1475 postponendas
926 1417 994 1459 esse
1008 1398 1145 1458 dubitan-

214 1497 287 1556 dum
303 1504 438 1571 nonest,
457 1517 526 1559 cum
543 1499 680 1562 Christus
699 1503 870 1562 sacerdotes
888 1503 1091 1580 objurgaverit
1107 1503 1145 1563 de

213 1603 373 1664 contrario.
398 1603 476 1665 Cum
502 1603 582 1664 enirn
604 1604 853 1681 interrogassent:
877 1606 972 1678 Quom
997 1606 1146 1682 Disciptm

164 1721 192 1767 70
212 1712 255 1770 toi
274 1713 469 1771 Proditionem
483 1713 629 1772 emiorum
644 1711 921 1790 transgrediuntur?
941 1708 1145 1788 (negligebant

212 1816 293 1877 enim
308 1834 456 1890 manuum
470 1813 638 1895 lotionem).
654 1815 791 1876 Christus
806 1815 862 1888 eis,
877 1816 1018 1876 Matthaeo
1033 1823 1145 1878 testan-

212 1927 255 1996 te,
276 1923 442 2000 respondit:
471 1925 566 1996 Quare
586 1931 612 1983 et
638 1944 686 1984 ooo
712 1925 950 2002 tromprmiimini
973 1907 1145 1985 ommdotum

211 2031 266 2090 Dei
280 2037 404 2107 propter
429 2031 625 2088 Eloditionem
643 2030 788 2089 cedrum?
810 2030 842 2089 ln
867 2049 926 2107 quo
949 2029 1023 2091 satis
1046 2031 1144 2092 innuit

214 2137 411 2196 lllroditioocm
427 2135 679 2212 postponendam.

163 2261 190 2308 75
292 2240 380 2313 Quod
394 2238 421 2299 si
434 2237 622 2299 Traditiones
638 2239 779 2300 Ecclesiae
796 2248 864 2319 post
877 2241 1043 2302 Ecclesiam
1058 2249 1142 2315 sunt,

211 2358 244 2412 ut
265 2351 451 2410 declaratum
469 2353 528 2423 est;
549 2367 676 2410 necesse
694 2353 739 2410 est
753 2353 786 2409 ut
800 2369 862 2409 non
878 2348 1019 2410 Ecclesia
1036 2369 1055 2409 a
1071 2351 1143 2410 Eto-

197 2461 380 2536 ‚oiitiomlmm
394 2458 448 2518 sed
465 2458 503 2519 ab
518 2457 653 2518 Ecclesia
672 2459 889 2536 Traditiomibos
905 2457 1029 2517 accedat
1041 2462 1142 2518 aucto

210 2565 292 2627 ritas.
314 2567 418 2644 ltaque
439 2565 520 2625 solas
543 2565 728 2624 Traditionm
744 2563 908 2636 habentes,
923 2569 957 2623 ut
973 2551 1140 2636 dicebatur,

211 2698 229 2737 a
243 2674 398 2754 gymnasio
413 2669 591 2734 excludendi
608 2675 690 2732 sunt:
705 2670 829 2747 Oportet
844 2668 924 2728 enim
940 2668 1019 2730 hanc
1034 2669 1142 2729 verita·

162 2765 191 2842 ao
209 2791 272 2844 tem
287 2787 445 2854 venantes,
464 2800 501 2840 ex
517 2779 566 2852 iis,
585 2798 622 2840 ex
640 2778 747 2856 quibus
761 2777 900 2839 Ecclesiae
917 2785 1022 2838 manat
1034 2779 1141 2840 Aucto

209 2891 296 2964 ritas,
313 2889 520 2965 investigando
538 2886 709 2964 procedere.

289 2995 343 3057 His
363 2996 464 3072 itaque
485 2995 527 3054 sic
548 2990 690 3064 exclusis,
713 2987 891 3050 excludendi
911 2991 981 3047 sunt
1003 2985 1065 3058 alii,
1091 2984 1142 3063 qui

207 3118 368 3160 corvorum
381 3096 491 3175 plumis
506 3095 614 3175 operti,
633 3113 704 3155 oves
722 3095 806 3156 albas
823 3095 855 3154 in
872 3113 961 3171 grege
975 3092 1095 3154 Domini
1107 3113 1140 3154 se

204 3207 331 3282 jactant.
341 3205 380 3264 Hi
394 3209 464 3264 sunt
477 3201 637 3280 impietatis
653 3200 714 3274 filii,
728 3201 778 3278 qui
792 3208 825 3261 ut
838 3199 948 3278 flagitia
962 3218 1018 3260 sua
1032 3198 1140 3277 exequi

159 3327 187 3372 cs
210 3305 339 3384 possint,
365 3311 494 3366 matrem
514 3305 710 3383 prostituunt,
732 3306 840 3366 fratres
862 3307 1027 3384 expellunt,
1045 3311 1076 3367 ei
1092 3307 1141 3368 de·

209 3411 299 3488 nique
318 3409 449 3488 judicem
465 3409 576 3469 habere
593 3410 707 3470 nolunt.
725 3409 804 3469 Nam
824 3429 877 3470 cur
897 3411 977 3488 apud
994 3428 1046 3470 eos
1063 3409 1140 3470 ratio

207 3522 406 3591 quaereretur,
425 3533 519 3590 quum
536 3531 591 3573 sua
608 3512 768 3590 cupiditate
786 3514 899 3576 detenti
914 3514 1060 3593 principia
1077 3533 1139 3576 non
