2560 4022
430 184 517 226 unm
536 185 691 228 sncunnus.
989 177 1025 232 53

89 325 276 386 consequens
301 315 348 372 est
368 320 518 388 astruere,
541 319 643 378 utrum
664 317 765 378 omnia
784 319 849 396 ipso
864 323 1023 384 tractanda

89 415 154 490 sint,
177 425 233 478 aut
256 438 333 492 non;
356 425 386 480 et
403 419 428 480 si
447 439 508 481 non
533 422 647 496 omnia,
664 441 731 500 quae
750 421 815 500 ipso
843 426 932 502 digna
951 435 1022 489 sunt

87 532 267 608 segregatim
287 532 459 592 ostendere.
482 531 568 593 Circa
588 533 669 609 quod
690 531 785 611 primo
811 535 1051 611 reperiendums

87 637 190 710 estid,
206 639 291 715 quod
304 637 497 714 intelligimus
507 658 562 716 per
574 639 646 700 illud
660 642 741 716 quod
755 639 879 701 dicimus
896 645 1022 722 dignum.

87 742 214 818 Dignum
232 749 281 804 est
299 745 381 821 quod
402 743 576 820 dignitatem
593 745 700 819 habet,
719 744 796 806 sicut
812 745 925 822 nobile,
943 752 1023 826 quod

88 851 290 926 nobilitatem3
311 856 343 913 et
366 851 456 925 sicut,
487 854 604 930 cognito
625 854 812 928 habituante,
835 856 1023 918 habitantum

88 960 289 1034 cognoscitur,
306 958 339 1019 in
360 966 506 1036 quantum
527 959 629 1038 hujus:
648 960 717 1021 inde
734 961 851 1038 cognita
867 960 1023 1038 dignitate,

89 1082 307 1140 cognoscemus
318 1069 349 1124 et
360 1063 491 1141 dignum.
502 1065 558 1126 Est
567 1066 647 1127 enim
656 1068 784 1145 dignitus
794 1067 969 1128 meritorum
984 1068 1024 1129 el·
1043 1084 1072 1130 to

91 1170 197 1246 lectus,
212 1173 278 1232 sive
291 1171 454 1232 terminus:
470 1178 504 1234 ut
519 1192 589 1234 cum
606 1175 671 1251 quis
685 1175 884 1249 benemeruit,
902 1177 940 1237 ad
958 1177 1023 1237 bont

90 1275 264 1351 dignitatern
292 1282 473 1354 perventum
493 1297 561 1340 esse
584 1278 724 1341 dicimus:
748 1299 818 1341 cum
838 1282 917 1341 male
938 1301 1020 1356 vero,

91 1383 127 1442 ad
140 1386 224 1444 mali:
242 1391 319 1462 puta
335 1384 414 1444 benc
431 1383 622 1458 militantem,
640 1386 679 1446 ad
694 1387 819 1446 victorico
834 1385 1024 1462 dignitatem
1087 1379 1094 1392 '

91 1491 166 1552 bene
186 1499 292 1554 autem
314 1498 486 1569 regentem,
509 1493 547 1552 ad
567 1493 665 1569 regni:
686 1509 742 1550 nec
762 1509 826 1550 non
846 1491 1025 1550 mendacem

93 1597 130 1654 ad
149 1599 266 1657 ruboris
287 1595 476 1673 dignitatem,
498 1601 530 1655 et
549 1597 698 1656 latronem
723 1595 762 1654 ad
789 1614 869 1666 eam,
891 1613 958 1671 quae
979 1598 1024 1654 est
1045 1610 1072 1654 1⁶

95 1701 212 1762 mortis.
225 1701 284 1762 Sed
295 1721 369 1762 cum
381 1702 413 1761 in
426 1701 689 1762 benemerentibus
703 1701 775 1760 liant
787 1699 1025 1776 comparationes

95 1803 174 1866 sicut
185 1806 217 1865 in
231 1805 306 1877 aliis,
324 1811 360 1866 ut
378 1804 502 1882 quidam
518 1806 609 1877 bene,
628 1803 751 1880 quidam
765 1803 886 1875 melius,
903 1804 1025 1880 quidam

99 1912 218 1990 optime,
238 1915 363 1991 quidam
383 1915 477 1986 male,
496 1912 619 1991 quidam
634 1911 734 1990 pejus,
754 1908 876 1986 quidam
895 1909 1027 1988 pessime

97 2022 281 2090 mereantur,
315 2025 345 2079 et
374 2017 548 2094 hujusmodi
581 2015 820 2094 comparationes
850 2035 910 2077 non
940 2017 1025 2092 fiant,

98 2118 149 2182 nisi
167 2143 223 2202 per
245 2130 421 2200 respectum
442 2123 480 2182 ad
497 2121 671 2197 terminum,
689 2142 781 2200 quem
798 2123 963 2202 dignitatem
984 2125 1023 2186 di·
1043 2143 1072 2189 20

98 2227 199 2305 cimus,
223 2237 258 2291 ut
277 2229 392 2290 dictum
413 2232 472 2288 est:
493 2227 687 2288 manifestum
705 2227 847 2304 estquod
868 2227 1025 2304 dignitates

99 2335 171 2398 inter
199 2358 234 2398 se
260 2341 474 2416 comparentur
501 2337 667 2397 secundum
692 2334 788 2412 magis
809 2339 838 2396 et
858 2334 971 2408 minus,
993 2339 1026 2395 ut

102 2445 239 2519 quaedam
253 2463 386 2522 magnae,
409 2444 548 2520 quaedam
567 2444 711 2521 majores,
728 2443 866 2520 quaeddm
886 2441 1026 2502 maximae

100 2545 170 2624 siut,
192 2557 222 2612 et
243 2570 300 2628 per
322 2567 510 2626 consequens
532 2546 611 2607 aliud
634 2547 768 2623 dignum,
791 2545 871 2606 aliud
892 2545 1024 2620 dignius,

100 2653 172 2718 eliud
201 2655 415 2733 dignissimum
438 2673 506 2716 esse
532 2656 657 2713 constat.
682 2651 719 2711 Et
747 2669 816 2710 cum
841 2651 1071 2728 companaticus

101 2755 275 2834 dignitatum
294 2778 356 2819 non
374 2758 426 2818 fiat
443 2758 522 2818 circa
537 2755 618 2816 idem
634 2756 798 2834 objectum,
818 2759 871 2818 sed
888 2759 967 2820 circa
987 2758 1027 2820 di·
1110 2816 1113 2823 .

101 2883 196 2941 versa,
208 2872 243 2928 ut
258 2866 377 2944 dignius
388 2865 524 2927 dicamus
539 2865 619 2942 quod
632 2863 809 2943 majoribus,
822 2864 1028 2942 dignissimum

103 2975 178 3047 quod
202 2962 351 3034 maximis'
369 2971 492 3048 dignum
512 2976 571 3046 est,
592 2971 662 3048 quia
680 2969 755 3031 nihil
779 2971 885 3032 eodem
912 2971 1027 3049 dignius

102 3094 165 3140 esse
182 3084 299 3159 potest;
316 3079 511 3141 manifestum
527 3085 587 3154 est,
608 3081 688 3158 quod
704 3081 816 3159 optima
832 3083 965 3162 optimis,
983 3105 1028 3147 se·
1076 3147 1077 3152 ,

102 3190 230 3250 cundum
246 3208 353 3250 rerum
371 3185 559 3265 exigentiam,
582 3187 670 3264 digna
686 3186 755 3252 sint.
768 3189 855 3252 Unde
871 3211 941 3253 cum
957 3191 1026 3267 hoc,
1046 3211 1075 3257 :to

103 3301 175 3372 quod
194 3297 324 3359 dicimus
342 3295 459 3357 mustra
466 3341 476 3372 ,
494 3295 532 3355 sit
545 3294 691 3373 optimum
704 3293 828 3358 eliorum
842 3297 1027 3374 vulgarium,

103 3391 290 3482 consequeris
306 3407 365 3476 est,
380 3407 413 3462 ut
429 3401 493 3463 sola
507 3399 619 3479 optima
633 3399 721 3480 digna
737 3403 796 3464 sint
811 3403 876 3483 ipso
892 3405 1025 3465 tractari:

106 3525 164 3584 quar
183 3510 310 3588 quidem
324 3509 553 3570 tractandorum
569 3506 741 3583 dignissima
757 3529 976 3587 nuncupamus.
