2560 4022
443 188 532 230 uronn
549 189 705 239 sneunous
998 192 1030 246 51

102 315 291 379 inferioribus
309 317 483 392 misceatur,
499 339 560 379 non
578 321 676 382 solum
692 322 733 383 nil
750 324 893 403 derogare
913 330 1030 394 videtur

100 421 149 495 eis,
165 424 223 484 sed
241 443 278 484 ea
292 417 453 485 meliorare
467 426 591 488 videtur.
603 429 702 504 Quare
717 432 742 494 si
757 436 821 511 quis
834 439 1029 518 versificator,

99 543 287 602 quamquam
305 529 381 588 rude
398 529 592 608 versifieetur,
609 535 709 613 ipsum
726 559 788 600 suae
803 547 922 608 ruditati
939 552 1030 612 admi·

97 638 192 707 seret,
215 653 280 694 non
304 636 403 697 solum
423 639 500 700 bene
520 640 576 719 ipsi
596 644 716 706 ruditati
736 647 838 724 faciet,
856 656 909 714 sed
929 657 1028 735 ipsum
1047 673 1078 718 πο

96 737 138 799 sio
154 739 255 802 faeere
274 748 416 819 oportere
433 743 557 804 videtur.
575 743 666 806 Multo
682 749 777 826 magis
794 771 869 830 opus
887 762 932 817 est
949 761 1029 838 adiu-

95 843 169 904 torio
189 845 261 919 illis,
288 845 340 922 qui
355 854 464 924 pauca,
483 868 575 926 quam
592 853 642 928 qui
657 856 751 916 multa
771 866 910 937 possunt,
931 869 961 924 et
986 867 1029 928 sie

95 954 220 1026 apparet
236 950 319 1026 quod
340 953 478 1014 omnibus
492 957 727 1026 versificantibus
740 966 828 1030 liceat
843 971 943 1050 ipsum
956 976 1007 1039 uti.

176 1053 235 1116 Sed
255 1057 318 1116 hoe
340 1057 535 1123 falsissimum
555 1071 611 1140 est,
637 1071 706 1146 quia
722 1091 777 1136 neo
794 1096 914 1158 semper
935 1086 1027 1146 excel·

96 1159 259 1224 lentissime
276 1170 438 1242 poetantes
458 1169 568 1231 debent
583 1172 654 1234 illud
670 1175 805 1254 induere,
823 1177 899 1246 siout
913 1206 967 1264 per
983 1187 1024 1248 in·
1043 1205 1069 1249 25

94 1265 183 1328 terius
197 1274 383 1346 pertractata
400 1275 614 1351 comprehendi
625 1282 740 1358 poterit.
756 1285 852 1364 Exigit
862 1310 933 1368 ergo
946 1293 1026 1355 istud

95 1371 147 1432 sihi
167 1373 340 1436 consimiles
360 1375 454 1451 viros,
478 1383 732 1456 quemadmodum
750 1390 798 1450 alii
814 1395 908 1454 nostri
925 1417 1025 1459 mores

95 1488 123 1542 et
146 1483 288 1545 habitus:
318 1485 408 1563 exigit
434 1487 514 1548 enim
539 1494 762 1572 magnificentia
791 1519 901 1578 magne
924 1512 1025 1580 poten·

94 1590 157 1662 tes,
178 1609 312 1669 purpura
333 1591 414 1653 viros
437 1593 568 1670 nobiles,
590 1598 633 1660 sio
652 1607 681 1662 et
702 1602 759 1662 hoo
783 1607 965 1670 excellentes
984 1610 1026 1670 in·

93 1694 184 1769 genio
209 1703 238 1757 et
257 1698 381 1758 seientia
409 1701 525 1777 quaerit,
548 1709 577 1764 et
598 1707 672 1768 alios
695 1719 889 1787 aspernatur,
913 1723 946 1777 ut
969 1739 1023 1796 per
1043 1737 1071 1781 oo

92 1799 237 1864 inferiora
262 1807 387 1883 patebit:
419 1827 491 1868 nem
518 1809 659 1887 quicquid
682 1815 769 1874 nobis
799 1821 948 1893 convenit,
978 1826 1025 1884 vel

96 1907 191 1980 gratia
210 1910 339 1986 generis,
367 1913 415 1973 vel
441 1913 564 1992 speciei,
585 1917 633 1977 vel
652 1916 794 1981 individui
819 1923 969 2002 convenit,
991 1937 1025 1990 ut

95 2016 208 2094 sentire,
231 2019 340 2094 ridere,
365 2021 511 2097 militar&
532 2024 586 2083 sed
610 2024 697 2086 nobis
722 2047 786 2089 non
809 2032 946 2094 convenit
966 2035 1024 2096 hoa

97 2122 187 2194 gratia
219 2123 354 2200 generis,
388 2125 458 2202 quia
491 2126 581 2188 etiam
613 2131 707 2193 brutis
743 2138 930 2202 conveniret:
964 2161 1021 2204 nee

96 2229 187 2303 gratia
212 2232 340 2310 speciei,
369 2232 439 2310 quia
466 2235 579 2296 eunctis
605 2238 776 2302 hominibus
808 2249 888 2305 esset
918 2265 1023 2311 conve·
1043 2265 1069 2310 35

96 2333 195 2410 niens,
219 2340 336 2418 dequo
359 2343 442 2402 nulla
465 2343 588 2420 quaestio
610 2351 669 2408 est:
693 2369 782 2411 nemo
807 2353 887 2415 enim
907 2362 1022 2420 monta·

94 2446 173 2509 ninis
196 2450 252 2512 hoe
275 2453 354 2514 dicet
375 2473 441 2516 esse
467 2457 660 2534 conveniens,
687 2464 757 2539 quia
774 2467 892 2543 optimae
919 2489 1020 2531 conoe

93 2557 208 2632 ptiones
228 2579 289 2622 non
305 2569 433 2641 possunt
449 2584 516 2626 esse
537 2567 594 2626 nisi
613 2567 663 2628 ubi
681 2570 804 2632 seientia
821 2579 851 2633 et
869 2573 1021 2650 ingenium

95 2672 143 2726 est.
165 2667 245 2745 Ergo
266 2669 380 2748 optima
400 2671 532 2747 loquela,
555 2689 617 2730 non
636 2671 788 2733 rusticana
805 2675 1019 2753 tractantibus,

94 2777 227 2837 convenit
244 2777 332 2838 nobis
349 2778 490 2840 individui
511 2778 616 2857 gratia.
1036 2797 1065 2841 40
1111 2783 1113 2787 ¹

169 2883 231 2944 Sed
239 2883 312 2943 nihil
321 2883 472 2946 individuo
489 2885 638 2960 convenit,
649 2885 706 2948 nisi
717 2907 771 2966 per
781 2888 916 2967 proprias
930 2891 1020 2975 digni·

92 2993 177 3063 tates,
191 2994 265 3068 puta
278 2993 418 3069 mereari,
432 2995 461 3051 et
474 2993 612 3072 mititare,
628 3013 664 3054 ao
676 3015 771 3074 regere
778 3018 793 3074 ;
806 3013 898 3073 quare
913 2996 937 3057 si
952 3017 1018 3060 oon-

91 3103 236 3164 venientia
245 3103 410 3182 respiciunt
423 3105 594 3182 dignitates,
604 3108 661 3169 hoe
673 3113 719 3170 est
729 3108 833 3186 di‘gnos
845 3106 887 3191 (et
897 3111 1018 3189 quidem

90 3206 176 3286 digni,
193 3210 319 3287 quidam
340 3210 504 3288 digniores,
530 3212 652 3291 quidam
674 3214 838 3291 dignissimi
863 3235 929 3277 esse
951 3237 1016 3294 pos-

91 3315 182 3390 sunt),
195 3315 393 3378 manifestum
407 3322 453 3380 est
468 3320 546 3396 quod
561 3320 641 3379 bona
656 3319 761 3396 dignis,
772 3321 896 3382 meliora
907 3321 1015 3398 dignio-
1033 3334 1061 3379 4⁵

88 3417 178 3495 ribus,
191 3427 223 3483 et
237 3425 353 3501 optima
367 3423 545 3501 dignissimis
560 3424 745 3487 convenient.
762 3426 798 3488 Et
813 3447 881 3488 eum
896 3429 1015 3504 loquela

87 3545 143 3590 non
159 3529 247 3590 aliter
263 3528 302 3590 sit
318 3528 523 3590 necessarium
539 3527 771 3590 instrumentum
786 3535 896 3590 nostrae
911 3545 1013 3588 conee-
