2560 4022
487 174 574 218 LIBER
592 176 747 220 SECUNDUS.

530 443 627 504 Clrur
653 444 702 504 xl.

188 654 222 697 De
231 654 373 698 habitudine
383 654 501 708 Stentiae,
513 655 543 698 de
552 666 653 700 numero
661 658 755 710 pedum
765 661 790 701 et
798 661 962 716 syllabarum,
973 668 997 708 et
1006 666 1036 710 de

276 733 433 778 distinctione
444 734 587 778 carminum
597 737 764 789 ponendorum
774 739 800 782 in
810 739 948 786 dictamine.

221 947 347 1009 Videtur
372 947 460 1008 nobis
490 948 567 1022 haec,
595 968 687 1026 quam
711 952 905 1016 habitudinem
934 954 1072 1032 dicimus,

144 1054 271 1116 maxima
285 1074 358 1133 pars
373 1056 448 1131 ejus,
468 1055 548 1130 quod
565 1054 636 1115 artis
655 1061 715 1132 est;
732 1058 797 1119 haec
813 1059 894 1120 enim
911 1062 990 1123 circa
1007 1083 1073 1124 can·

145 1164 189 1219 tus
211 1159 403 1232 divisionem,
428 1163 519 1236 atque
540 1164 713 1223 contextum
739 1165 919 1241 carminum,
942 1173 972 1229 et
994 1169 1074 1230 rithi·

143 1288 257 1342 morum
274 1267 455 1328 relationem
477 1267 630 1328 consistit:
650 1276 831 1348 quapropter
848 1273 1071 1352 diligentissime

143 1370 252 1434 ridetur
270 1391 341 1433 esse
357 1372 525 1433 tractanda.
543 1371 719 1450 Incipientes
737 1395 807 1452 ergo
829 1375 967 1455 dicimus,
990 1385 1070 1459 quod
1090 1402 1103 1445 5

142 1483 232 1542 Frurs
245 1501 316 1542 cum
338 1482 487 1558 Versibus,
501 1485 530 1540 et
543 1482 632 1541 Pedes
646 1501 714 1542 cum
727 1483 933 1561 Syrnrutesive
954 1488 1069 1566 Ouum,
1172 1557 1174 1562 ,

141 1595 169 1647 et
184 1587 306 1664 quidem
319 1587 410 1646 Pedes
428 1606 498 1647 cum
519 1589 654 1649 Versibus
669 1588 700 1650 in
715 1589 829 1652 Stantia
846 1611 879 1653 se
895 1594 1007 1656 habere
1029 1598 1068 1657 di

139 1693 304 1753 versimode
321 1696 464 1771 possunt:
474 1712 546 1753 nam
560 1695 740 1771 quandoque
753 1697 850 1758 Frons
867 1699 972 1760 Versus
986 1721 1069 1762 exce-

139 1801 182 1860 dit
201 1799 234 1858 in
254 1799 374 1876 syllabis
396 1805 427 1859 et
451 1799 647 1872 carminibus,
665 1800 712 1860 vel
732 1803 878 1862 excedere
898 1811 1015 1880 potest3
1040 1813 1069 1867 et

138 1904 262 1965 dicimus
276 1911 387 1982 potest,
411 1903 552 1981 quoniam
572 1902 778 1966 habitudinem
797 1906 876 1966 hanc
893 1908 991 1971 adhuc
1008 1930 1068 1972 non
1088 1923 1118 1968 lo

134 2013 272 2074 vidimus.
292 2011 480 2087 Quandoque
496 2011 527 2068 in
544 2007 725 2072 carminibus
743 2010 901 2086 excedere,
920 2013 996 2074 etin
1012 2016 1069 2092 syl·

132 2121 208 2180 labis
225 2116 363 2196 superari
379 2120 494 2194 potest,
511 2120 544 2176 ut
561 2114 586 2175 si
602 2116 699 2176 Frons
716 2120 796 2176 esset
815 2121 1019 2195 pentametre,
1037 2125 1066 2181 et

134 2225 255 2303 quilibet
282 2226 390 2284 Versus
406 2222 548 2296 dimeter,
569 2227 598 2282 et
614 2227 712 2283 metra
727 2223 848 2284 Frontis
865 2225 1065 2303 eptasyllaba‚

136 2337 166 2391 et
181 2331 286 2391 Versus
296 2328 525 2405 endecasyllaba
535 2332 646 2388 essent.
656 2329 842 2407 Quandoque
857 2331 964 2392 Versus
973 2333 1065 2394 bron

137 2442 191 2494 tem
212 2439 355 2514 superant
379 2435 499 2512 syllabis
522 2439 552 2495 et
575 2434 769 2508 carminibus,
795 2440 828 2496 ut
852 2437 954 2498 inille
975 2457 1065 2514 quarn
1086 2449 1115 2492 15

136 2540 280 2604 diximus:

294 2687 468 2759 «Traggemi
482 2686 556 2741 della
569 2691 663 2740 mente
675 2685 763 2741 Amor
777 2687 804 2742 la
819 2687 897 2742 stiva.
910 2706 924 2741 »

134 2859 198 2918 Fuit
223 2859 290 2918 haec
317 2860 493 2917 tetrametra
517 2854 612 2916 Frons
637 2855 731 2916 tribus
759 2857 1007 2933 endecasyllabis,
1036 2868 1065 2922 et

133 2985 192 3026 uno
214 2965 402 3044 eptasyllabo
424 2969 581 3025 contexta:
603 2983 665 3024 non
685 2964 797 3026 etenim
817 2962 913 3042 potuit
928 2965 959 3024 in
976 2967 1064 3028 Pedes

134 3070 232 3145 dividi,
252 3091 324 3132 cum
345 3071 498 3147 aequalitas
522 3069 688 3132 carminum
713 3075 742 3130 et
765 3070 948 3146 syllabarum
967 3075 1063 3154 requi·
1083 3085 1113 3129 ro

130 3179 214 3234 ratur
230 3174 262 3232 in
275 3173 402 3233 Pedibus
417 3173 493 3234 inter
510 3193 556 3246 se,
576 3179 605 3234 et
619 3175 709 3236 etiam
722 3173 753 3234 in
776 3178 908 3239 Versibus
924 3181 1002 3244 inter
1019 3205 1061 3246 se.

130 3280 168 3340 Et
184 3281 443 3357 quemadmodum
462 3281 587 3342 dicimus
610 3285 715 3344 Versus
731 3303 873 3365 superare
889 3309 979 3368 posse
996 3311 1061 3353 car·

130 3384 261 3446 minibus
275 3393 306 3445 et
319 3386 440 3462 syllabis
450 3387 600 3466 Frontem,
611 3387 653 3448 sic
670 3389 726 3450 dici
742 3397 852 3470 potest,
863 3397 1015 3475 Pronum,
1030 3398 1060 3458 in

131 3491 177 3570 his
194 3493 327 3567 duobus,
344 3514 433 3572 posse
450 3517 592 3576 superare
613 3500 737 3562 Versus:
754 3503 830 3566 sicut
846 3507 965 3582 quando
982 3505 1063 3580 quili-
