2578 4038
452 240 538 282 nvom
557 239 712 284 sncunnus.
995 232 1048 286 965

107 375 230 435 Horum
252 371 415 431 amborum
436 369 556 430 Ovidius
578 372 757 448 memoriam
780 373 849 434 fauit
873 374 904 434 in
930 385 1046 455 quarto,

107 482 162 542 ubi
178 480 264 540 dicit:
284 473 441 537 Caelitibus
449 463 542 536 meeis
557 479 683 537 eineisse
697 478 866 539 Semiramis
878 483 996 556 urbem
1018 489 1047 542 et

108 586 204 646 infra:
225 586 399 645 Conuenient
415 585 455 642 ad
470 585 553 642 busta
570 585 655 658 Nini,
671 584 830 661 lateantque
846 585 897 643 snb
913 587 1026 644 umbra.
1067 599 1094 643 25

193 689 364 760 Secundus,
390 688 519 748 Vesores
543 708 597 748 rex
623 687 739 766 AEgypti
766 689 804 748 ad
832 690 888 749 hoc
911 689 1047 750 bravium

110 795 264 874 aspiravit.
291 795 329 854 nt
355 793 491 871 quamvis
516 794 670 854 Meridiem
692 795 1048 873 atque'Septentrionem

108 907 141 965 in
166 905 241 964 Asia
267 901 472 977 exagitaverit,
495 907 528 960 ut
550 901 674 962 Orosius
700 909 860 976 memorat,
884 904 1046 979 nequidem

110 1018 217 1072 tamen
235 987 390 1068 dimidiam
407 1013 524 1084 partem
539 1007 626 1068 Orbis
641 1007 782 1068 obtinuit:
797 1009 931 1092 quinimo
946 1029 963 1069 a
977 1005 1046 1086 S'cy·

110 1115 185 1186 this,
202 1113 282 1172 inter
297 1112 425 1170 athletas
443 1118 473 1171 et
489 1113 665 1188 terminum,
684 1116 722 1175 ab
739 1117 867 1194 incoepto
884 1137 939 1178 suo
953 1125 1043 1179 teme·
1064 1131 1093 1176 30

110 1222 192 1282 rario
207 1229 255 1281 est
269 1239 431 1280 aversus..
551 1215 554 1223 ’

192 1328 308 1389 Deinde
325 1327 421 1404 Cyrus
435 1329 598 1388 Persarum
614 1349 668 1389 rex
684 1309 808 1390 tentavit
826 1331 895 1404 hoo,
915 1329 974 1408 qui,
992 1331 1047 1391 Ba·

109 1435 221 1512 bylone
240 1437 404 1506 destruota,
419 1433 773 1512 imperioqneBabylonis
789 1439 827 1496 ad
842 1438 949 1497 Persas
965 1445 1044 1496 tran-

112 1544 202 1615 slato,
220 1562 278 1602 neo
293 1543 415 1618 quidem
429 1543 528 1603 adhuc
545 1550 645 1620 partes
663 1543 871 1603 Occidentales
888 1548 1043 1619 expertuS,

111 1651 169 1709 sub
193 1648 347 1708 Tamiride
368 1647 471 1724 regina
489 1649 671 1727 Scytharum
692 1648 785 1709 vitam
806 1648 896 1708 simul
918 1667 987 1710 oum
1003 1650 1045 1710 in·
1064 1668 1090 1712 55

110 1752 246 1814 tentione
263 1753 408 1828 deposuit.

194 1862 269 1921 Post
284 1861 341 1920 hos
362 1878 433 1920 vero
449 1859 577 1931 Xerses,
600 1856 679 1918 Darii
701 1856 777 1916 lilius
806 1864 836 1917 et
860 1877 916 1917 rex
931 1857 961 1916 in
978 1859 1046 1918 Per·

111 1965 168 2038 εἰς,
185 1983 257 2024 oum
283 1968 368 2022 tanta
386 1963 519 2039 gentium
544 1962 732 2022 multitudine
757 1963 904 2022 mundum
925 1961 1046 2036 invasit,

111 2089 182 2130 oum
198 2075 283 2130 tanta
296 2068 443 2148 potentia,
462 2075 495 2128 ut
512 2068 672 2128 transitum
687 2066 790 2141 maris,
809 2068 914 2128 Asiam
930 2069 969 2128 ab
989 2068 1045 2130 Eu·

111 2195 188 2252 ropa
209 2173 388 2247 dirimentis,
409 2173 487 2233 inter
503 2174 612 2236 Seston
634 2180 663 2234 et
685 2175 825 2251 Abydon,
846 2179 938 2252 ponte
958 2195 1044 2254 supe·
1066 2194 1095 2240 40

111 2277 232 2336 raverit,
254 2276 348 2354 Cujus
369 2275 467 2352 opens
491 2277 674 2338 admirabilis
696 2279 838 2340 Lucanus
855 2281 886 2341 in
912 2286 1043 2344 secundo

112 2387 279 2446 Pborsolioe
299 2382 444 2444 meminit.
465 2383 552 2444 Canit
573 2383 653 2443 enim
674 2384 730 2444 sio:
758 2388 839 2445 Totis
860 2387 945 2460 foma
968 2392 1045 2448 canit

111 2493 256 2550 tumidum
266 2509 357 2566 snper
369 2509 486 2566 aequoro
496 2490 618 2548 Xersem
632 2489 833 2551 Construxisse
845 2493 917 2553 oios.
930 2493 966 2551 Et
982 2498 1043 2553 tan-

114 2597 185 2656 dem
210 2594 419 2655 miserabiliter
442 2595 480 2654 ab
509 2593 637 2672 incoepto
665 2596 818 2672 repulsus,
843 2599 882 2656 ad
908 2598 1044 2659 bravium

112 2698 270 2776 pervenire
287 2717 348 2758 non
365 2696 469 2774 potuit.
1067 2736 1093 2780 45

195 2809 308 2868 Praeter
323 2805 410 2890 istos,
429 2809 554 2882 etpost,
573 2803 744 2866 Alexander
764 2825 818 2867 rex
840 2807 961 2870 Macedo
984 2831 1045 2872 ma·

114 2917 196 2976 xime
210 2913 345 2974 omnium
359 2913 397 2971 ad
411 2912 544 2989 palmam
553 2910 731 2970 Monorobioe
744 2910 959 2988 propinquans,
973 2915 1044 2972 dum
1149 2983 1152 2992 Ι

114 3041 167 3098 per
184 3021 313 3096 Legatos
331 3019 370 3078 ad
387 3017 569 3078 deditionem
585 2996 738 3076 Romanos
751 3022 951 3094 praemoneret
965 3020 1044 3094 apud

114 3127 289 3203 AEgyptum,
311 3131 381 3192 ante
402 3113 608 3184 Romanorum
629 3123 869 3202 responsionem,
892 3128 925 3184 ut
945 3123 1043 3185 Livius
1112 3137 1117 3150 ’

113 3215 233 3307 narrat,
249 3234 281 3294 in
297 3233 397 3294 medio
419 3231 505 3310 quasi
526 3251 616 3293 eursu
641 3233 790 3311 collapsus
814 3239 869 3292 est.
891 3233 935 3294 De
957 3235 1043 3313 eujus
1063 3253 1092 3298 oo

113 3341 204 3404 etiam
230 3340 384 3418 sepultura
407 3337 518 3402 ibidem
543 3337 702 3410 existente,
721 3337 860 3398 Lucanus
883 3337 913 3399 in
935 3345 1043 3415 octono,

112 3450 259 3512 invehens
285 3447 316 3508 in
341 3448 538 3508 Ptolemaeum
561 3463 664 3523 regem
687 3443 817 3522 AEgypti,
839 3443 1044 3505 testimonium

113 3553 212 3613 reddit
227 3552 344 3612 dicens:
