2578 4038
216 202 270 259 306
570 207 607 248 nu
625 207 803 250 nonancura.

188 367 200 410 a
222 365 261 406 ex
282 339 487 420 consequenti.
504 338 700 416 Consequens
722 337 802 399 enirn
824 345 883 410 est,
906 334 932 396 si
953 336 990 397 ab
1011 335 1080 414 ipso
1100 334 1160 396 Dei

221 431 337 514 Vicario
356 470 418 512 non
435 448 595 526 dependet,
615 448 695 524 quod
712 467 731 506 a
747 447 809 506 Deo
827 444 1004 522 dependeat.
1028 442 1066 502 Et
1087 441 1158 502 ideo

221 557 259 617 ad
276 553 442 633 perfectam
460 549 738 613 determinationem
760 549 905 628 propositi
923 549 1075 610 ostensive
1089 568 1159 626 pro·

222 664 357 725 bandum
375 667 435 734 est,
453 660 658 736 Imperatorem
678 654 732 716 sivi
753 655 861 714 Mundi
884 653 1077 713 Monarcitam
1102 650 1159 709 im·

220 769 350 832 mediate
366 785 399 828 se
413 766 525 826 habere
542 764 581 824 ad
595 762 760 838 Principem
775 761 906 821 Universi
913 804 923 836 ,
937 759 988 836 qui
1002 759 1084 820 Deus
1101 762 1161 820 est.

175 889 205 932 ro
304 875 352 936 Ad
374 874 463 951 hujus
492 875 594 932 autem
621 868 846 947 intelligentiam
875 867 1044 939 sciendum,
1077 865 1161 942 quod

222 985 321 1044 Homo
339 984 420 1044 solus
437 982 601 1044 inentibus
621 985 704 1043 tenet
721 980 855 1041 medium
876 980 1106 1056 corruptibilium
1129 983 1161 1040 et

222 1091 497 1166 incorruptibilium.
515 1089 641 1166 Propter
663 1089 743 1165 quod
766 1091 846 1148 recte
864 1107 882 1147 a
898 1085 1088 1163 Philosophis
1108 1085 1161 1146 ad·

224 1192 372 1253 similatur
386 1195 547 1270 horizonti,
561 1193 611 1270 qui
626 1201 673 1256 est
687 1194 820 1254 medium
834 1194 963 1254 duorum
974 1191 1162 1270 Hemisphae-

223 1301 346 1362 riorum.
356 1301 435 1363 Nam
442 1301 552 1372 Homo,
567 1299 592 1360 si
602 1299 808 1360 consideretur
821 1300 990 1361 secundum
1000 1304 1163 1376 utramque

176 1420 202 1463 lt
226 1412 343 1486 partem
361 1405 567 1479 essentialem,
587 1403 699 1466 scilicet
715 1407 844 1466 animam
859 1411 889 1466 et
905 1424 1025 1481 corpus,
1042 1423 1163 1481 corrup·

223 1515 314 1574 libitis
335 1517 382 1574 est
403 1511 570 1574 secundum
586 1529 691 1585 unam,
715 1510 826 1572 scilicet
847 1512 1015 1572 secundum
1038 1530 1162 1588 eorpua5

198 1647 201 1658 ·
224 1620 392 1681 secundum
406 1637 476 1680 vero
491 1619 632 1692 alteram,
648 1617 759 1680 scilieet
773 1619 941 1679 seeundum
958 1620 1103 1694 animam,
1120 1620 1163 1676 in·

225 1723 420 1799 corruptibilis
441 1725 496 1782 est.
517 1722 643 1799 Propter
663 1725 743 1800 quod
764 1725 842 1785 bene
861 1727 1054 1803 Philosophus
1066 1725 1163 1802 inquit

225 1835 262 1894 de
275 1831 355 1910 ipso,
370 1839 459 1910 prout
472 1833 699 1908 incorruptibilis
718 1835 780 1905 est,
797 1831 965 1892 insecundo
982 1831 1020 1891 de
1037 1832 1162 1906 Anima,

177 1953 206 1996 ‘20
227 1961 296 2002 cum
322 1941 407 2002 dixit:
435 1943 474 2000 Et
498 1940 589 2000 solum
609 1941 661 2000 icoc
688 1939 823 2013 continpit
846 1937 995 2014 separari,
1023 1941 1163 2012 tunquam

222 2051 409 2125 pirpetuum,
425 2065 444 2106 u
460 2046 649 2121 corruptibili.

307 2151 338 2211 Si
355 2169 425 2228 ergo
440 2151 539 2211 Homo
552 2150 679 2210 medium
697 2152 742 2208 est
760 2148 911 2225 quoddam
928 2145 1164 2222 corruptibriium

229 2264 258 2318 et
268 2257 544 2332 incorruptibilium,
555 2271 649 2330 quum
660 2270 750 2312 omne
763 2249 897 2311 medium
911 2247 1008 2326 sapiat
1021 2253 1165 2308 naturam

234 2369 453 2436 extremorum,
476 2379 602 2423 necesse
625 2363 671 2422 est
691 2356 853 2420 Hominem
873 2374 980 2435 sapere
1001 2363 1165 2433 utramque

185 2485 212 2529 ‘ro
236 2475 385 2532 naturam.
400 2468 437 2530 Et
453 2487 548 2547 quum
565 2465 786 2530 omnisNatura
800 2465 839 2524 ad
854 2462 995 2523 ultimum
1010 2463 1166 2538 quendam

229 2578 321 2638 finem
342 2575 512 2649 ordinetur,
527 2570 731 2650 consequitur,
751 2575 785 2631 ut
803 2567 933 2630 hominis
954 2569 1066 2646 duplex
1082 2568 1165 2629 Finis

229 2679 347 2742 existat.
370 2678 407 2739 Et
424 2676 502 2739 sicut
518 2676 595 2737 inter
613 2676 713 2738 omnia
735 2673 814 2736 entia
832 2675 913 2735 solus
934 2677 1165 2754 incorruptibili·

229 2791 314 2842 tutem
325 2786 355 2844 et
365 2783 631 2862 corruptibilitatem
641 2780 811 2860 participat:
829 2779 871 2840 sie
883 2779 965 2841 solus
975 2778 1054 2842 inter
1063 2781 1166 2842 omnia

233 2890 325 2974 entia,
340 2889 371 2948 in
381 2889 440 2950 duo
451 2888 555 2950 ultima
566 2888 733 2961 ordinetur;
751 2906 881 2965 quorum
892 2887 1020 2950 alterum
1031 2889 1069 2950 sit
1079 2891 1168 2950 Finis

186 3016 213 3059 so
235 2999 314 3074 ejus,
330 2999 420 3074 prout
436 2995 647 3071 corruptibilis,
664 2993 792 3054 alterum
809 3011 893 3066 vero,
911 2996 999 3070 prout
1013 2993 1167 3072 incorrup-

235 3095 343 3164 tibitis.¹
360 3099 442 3164 Duos
459 3101 547 3180 igitur
563 3102 652 3161 Fines
668 3099 858 3161 Providentia
883 3099 933 3160 illa
956 3099 1166 3162 inenarrabilis

234 3208 354 3268 Homini
384 3206 538 3286 proposuit
565 3207 782 3282 intendendos,
813 3209 1026 3269 Beatitudinem
1053 3207 1168 3269 scilicet

234 3313 322 3389 nrum
335 3313 415 3390 vitre,
432 3332 499 3390 quae
516 3315 549 3374 in
565 3315 728 3392 operatione
739 3318 875 3393 propriu
891 3317 1009 3376 virtutis
1022 3316 1165 3392 consistit,

237 3426 266 3478 et
282 3437 337 3495 per
353 3425 513 3479 terrestrem
530 3417 709 3482 Paradisum
726 3421 884 3500 figuratum
907 3428 936 3483 et
956 3423 1169 3482 Beatituciinnn

191 3536 236 3608 35,Δ
245 3527 317 3586 Vite
331 3531 460 3603 utmnoe,
477 3544 544 3604 quae
557 3527 683 3589 comistit
696 3529 729 3588 in
739 3527 883 3603 fruitione
898 3529 992 3588 diuini
1012 3527 1170 3603 Asperius.-
