2560 4022
480 133 568 176 irum
587 132 741 175 susumus.
1041 118 1075 172 55

225 267 391 328 Arnaldus:
1037 336 1039 345 Ι
1089 271 1116 317 6⁵

301 392 429 448 cL’aura
443 407 538 448 amara
552 393 580 449 fa
595 393 628 448 'ls
642 392 729 448 broils
742 361 869 447 blancutz
883 390 989 446 clarzir.
1006 406 1020 446 u
1054 376 1059 386 '
1109 433 1113 438 .

223 532 372 593 Gerardus
384 555 393 593 ι

301 662 381 716 «Per
399 660 485 716 solatz
500 662 629 717 revelhar

330 759 391 823 Qus
406 759 461 813 s’es
477 763 539 830 trop
557 759 745 815 endormitz.»

220 891 313 954 Cinus
324 913 334 954 ι

297 1025 423 1095 «Degno
438 1040 489 1080 son
504 1025 531 1080 io
546 1026 588 1080 ch'
599 1025 625 1081 ἰο
640 1042 755 1082 mora.»

216 1162 343 1227 Amicus
360 1163 426 1240 ejus

298 1315 312 1350 «
328 1296 427 1368 Doglia
441 1296 482 1351 mi
495 1313 558 1352 reca
573 1298 653 1353 nellc·
662 1313 726 1353 core
741 1298 867 1356 ardue.»

136 1430 229 1494 Arma
246 1452 320 1494 vero
337 1434 454 1493 nullum
472 1434 579 1495 Italum
597 1435 695 1496 adhuc
715 1435 833 1498 invenio
850 1441 998 1515 poetasse.
1016 1436 1070 1498 His

138 1540 259 1617 proinde
275 1539 365 1614 risis,
384 1557 452 1619 quae
470 1541 606 1604 canenda
619 1541 679 1602 sint
695 1541 815 1619 Vulgari
831 1542 976 1604 altissimo
989 1543 1071 1604 iuno·
1092 1555 1119 1601 rt

141 1650 264 1708 tescunt.

524 1804 622 1866 Gurur
646 1805 694 1865 Ill.

207 1989 340 2044 distinguit
350 1989 530 2044 quibusmodis
540 1988 675 2042 vmgartter
684 1987 861 2032 versificatores
870 1990 1006 2042 pociantur.

214 2177 303 2240 Nunc
320 2182 424 2240 aulem
440 2179 592 2256 quomodo
615 2199 650 2240 ea
671 2185 805 2242 coartare
823 2181 983 2256 debemus,
1002 2203 1068 2262 quae

137 2289 218 2346 tanto
244 2294 314 2348 sunt
335 2286 425 2364 digna
445 2285 578 2362 Vulgari,
601 2285 723 2348 sollicite
745 2287 892 2366 vestigare
914 2309 1066 2351 conemur.

140 2393 274 2455 Volentes
292 2412 364 2472 ergo
378 2393 504 2453 modum
517 2393 648 2468 tradere,
664 2413 723 2472 quo
736 2393 819 2472 ligari
833 2395 897 2456 haec
912 2395 1000 2472 digna
1010 2395 1068 2456 exi·

140 2503 228 2576 stant,
240 2499 373 2578 primum
387 2497 511 2559 dicimus
527 2517 593 2559 esse
605 2499 643 2558 ad
657 2497 835 2558 memoriam
848 2497 1066 2570 reducendum,

136 2609 214 2685 quod
231 2605 400 2684 vulgariter
416 2609 572 2682 pectantes
586 2622 641 2664 sua
651 2603 796 2662 Poemata
812 2600 987 2662 multimode
1002 2622 1067 2681 pro·
1088 2625 1101 2668 s

135 2710 287 2784 tulerunt;
305 2709 428 2787 quidam
445 2728 499 2786 per
516 2707 681 2784 Canticnes,
699 2705 821 2784 quidam
840 2725 895 2784 per
919 2711 1064 2790 Ballctas,

136 2815 257 2892 quidam
273 2817 480 2896 perdomitus,
501 2814 622 2894 quidam
638 2834 693 2893 per
709 2813 781 2874 elios
797 2813 967 2891 illegitimos
985 2822 1014 2876 et
1030 2817 1066 2876 ir·

135 2927 287 3004 regulares
304 2925 425 2998 modos,
442 2929 476 2984 ut
491 2922 614 2984 inferius
629 2924 810 3006 ostendetur.
829 2923 945 2985 Horum
963 2901 1064 2988 autem

136 3033 295 3093 modorum
303 3031 475 3092 Cauiorum
484 3030 609 3091 modum
620 3027 902 3092 excellentissimum
916 3052 984 3096 esse
997 3057 1067 3115 pen·

134 3154 250 3200 samus:
269 3156 365 3215 quare
388 3135 413 3198 si
435 3136 684 3198 excellentissima
707 3139 960 3204 excellentissimis
978 3143 1066 3222 digna
1086 3160 1118 3205 10

133 3252 217 3320 sunt,
226 3249 261 3306 ut
275 3245 414 3323 superius
429 3249 475 3306 est
488 3246 661 3324 probatum,
670 3244 720 3306 illa
734 3266 801 3324 quae
815 3251 1065 3313 excellentissimo

133 3352 221 3432 digna
242 3357 315 3414 sunt
334 3350 469 3429 Vulgari,
490 3353 580 3412 modo
601 3352 848 3416 excellentissimo
870 3357 959 3434 digna
978 3367 1060 3430 sunt,

132 3469 159 3521 et
174 3481 232 3540 per
254 3479 445 3538 consequens
467 3458 704 3520 inductionibus
731 3462 948 3538 pertractanda.
976 3461 1062 3533 Quod
