2590 4038
242 186 297 242 240
590 195 628 238 na
646 195 827 238 nonianus.

246 329 336 406 sopho
356 328 454 406 placet
470 324 552 387 iniis
572 344 640 403 quae
660 328 695 385 da
713 325 887 401 nimplr'oiter
905 324 988 384 Foro.
1015 323 1105 384 Unde
1132 322 1188 398 tit,

199 446 228 490 ro
248 435 329 512 quod
346 433 446 494 Unum
464 438 531 494 esse
546 429 661 492 videtur
675 451 744 493 esse
758 432 843 492 radix
857 433 936 510 ejus,
956 433 1036 510 quod
1050 437 1098 492 est
1114 451 1190 494 esse

247 536 379 598 Bonum:
390 543 421 598 et
431 537 527 597 Multa
537 555 617 610 esse,
631 539 695 616 ejus
709 541 790 616 quod
804 543 851 601 es't
865 560 933 602 esse
945 541 1068 603 malum.
1080 540 1190 615 Quare

246 644 432 721 Pythagoras
445 642 476 703 in
493 643 739 706 correlatiouibus
756 645 832 721 suis,
849 655 991 726 exparte
1006 648 1073 710 boni
1092 668 1188 728 pone·

247 751 302 814 bet
316 753 423 829 Unam,
437 756 574 828 exparte
590 770 660 811 vero
671 753 757 828 moli,
771 751 880 810 Plura:
896 757 929 810 ut
943 757 1025 830 patet
1041 751 1072 812 in
1086 753 1190 827 prinw

249 872 371 927 eorum,
396 872 462 930 qua
490 855 525 913 de
548 855 721 932 simpliciter
746 856 829 916 Ente.
858 856 936 918 Hinc
962 857 1055 917 videri
1083 866 1189 937 potest

199 978 229 1022 rc
248 961 328 1037 qind
348 978 474 1036 peccare
496 959 569 1020 nihil
591 966 640 1020 est
667 961 747 1022 aliud
772 981 866 1040 quam
891 965 1031 1042 progredi
1053 967 1093 1026 ab
1116 967 1189 1028 Uno

248 1073 350 1144 spreto
366 1065 406 1124 ad
422 1065 530 1140 Multa5
548 1067 628 1143 quod
645 1055 768 1144 quidem
783 1069 940 1128 Psalmistn
954 1071 1039 1130 'hene
1062 1070 1188 1134 videbat

248 1171 368 1231 dicens:
385 1170 415 1228 A
424 1171 526 1244 fructu
543 1173 697 1250 frumenti,
713 1176 774 1233 nini
788 1183 814 1234 ct
828 1177 883 1235 olei
898 1179 1085 1254 rudtiplicotc'
1106 1187 1187 1240 sunt.

249 1277 375 1340 Constat
397 1277 497 1355 igitur,
516 1279 597 1360 quod
621 1297 711 1338 omne
735 1279 816 1355 quod
832 1283 879 1339 est
899 1279 1036 1353 Bonum,
1055 1299 1110 1358 per
1127 1281 1189 1342 hoc

249 1388 296 1444 est
315 1383 441 1456 bonum,
461 1384 542 1460 quod
558 1382 589 1442 in
610 1383 676 1443 Uno
695 1384 839 1446 consistit.
858 1385 895 1446 Et
917 1403 988 1446 cum
1004 1384 1186 1458 concordia,

200 1505 229 1550 ro
246 1487 443 1566 inquantum
463 1489 650 1567 hujusmodi,
671 1489 711 1549 sit
733 1491 886 1566 quoddam
903 1489 1038 1550 Bonum:
1055 1489 1188 1552 'manile-

248 1602 330 1659 stum
357 1603 403 1657 est
424 1615 494 1658 eam
518 1597 685 1657 consistere
704 1597 736 1656 iu
753 1597 852 1678 aliquo
877 1596 961 1671 Uno,
981 1601 1133 1674 tanquam
1153 1596 1186 1658 in
1289 1593 1293 1612 '

247 1709 367 1788 propria
383 1708 496 1768 radice:
515 1727 582 1785 quoe
599 1707 721 1784 quidem
736 1707 820 1766 radix
838 1706 1009 1784 apparebit,
1028 1703 1054 1766 si
1075 1713 1186 1766 natura

248 1816 296 1877 vel
312 1815 388 1876 ratio
405 1815 571 1878 concordiae
588 1819 733 1874 sumatur.
755 1811 810 1872 Est
826 1811 907 1872 enim
924 1811 1102 1888 Concordia,
1122 1810 1186 1872 uni·

248 1921 352 1982 formis
369 1927 470 1980 motus
487 1921 618 1997 plurium
637 1921 839 1991 voluntatum,
861 1917 892 1978 in
913 1937 974 1996 qua
995 1917 1119 1995 quidem
1139 1937 1184 1978 ra·

198 2039 224 2081 25
247 2028 327 2090 tione
338 2034 475 2105 apparet,
486 2026 632 2086 unitatem
645 2027 848 2098 voluntatum,
859 2043 926 2102 quae
936 2042 991 2102 per
1002 2023 1183 2084 uniformem

195 2142 197 2147 '
248 2140 365 2196 motum
389 2136 477 2194 datur
503 2131 642 2209 intelligi,
672 2131 838 2192 concordia
866 2129 1000 2192 radicem
1024 2147 1108 2204 esse,
1135 2129 1183 2190 vel

248 2237 345 2315 ipsam
362 2234 562 2296 concordiam.
578 2235 657 2295 Nam
678 2235 753 2296 sicut
773 2237 874 2314 plures
893 2237 997 2314 glebas
1014 2237 1182 2318 diceremus

248 2345 412 2420 concordes,
434 2349 555 2421 propter
575 2344 816 2405 condescendere
838 2363 944 2405 omnes
967 2345 1006 2404 ad
1032 2345 1180 2405 medium:

250 2455 280 2510 et
296 2449 398 2526 plures
415 2449 555 2508 llammas
576 2454 699 2526 propter
719 2450 920 2510 coascendere
942 2450 1048 2509 omnes
1070 2449 1110 2510 ad
1131 2448 1182 2508 cir·

204 2569 232 2614 30
251 2556 495 2630 oumferentiarn,
514 2557 538 2618 si
554 2545 719 2618 voluntarie
739 2557 797 2617 hoc
817 2557 962 2618 lacerent:
983 2556 1025 2617 ita
1043 2556 1180 2618 homines

249 2670 351 2748 plures
366 2669 515 2729 concordes
531 2666 672 2739 dicimuS,
689 2673 812 2746 propter
830 2664 919 2726 simul
938 2662 1053 2724 moveri
1074 2682 1179 2724 secun·

250 2779 324 2838 dum
333 2777 409 2837 velle
420 2776 458 2836 ad
470 2775 583 2846 Unum,
598 2772 679 2850 quod
693 2777 739 2831 est
749 2767 912 2830 formaliter
924 2766 955 2827 in
965 2764 1179 2826 voluntatibus:

250 2882 327 2944 siout
341 2880 469 2959 qualitas
482 2899 544 2939 una
558 2875 724 2938 formaliter
740 2873 770 2934 in
785 2857 892 2951 glebis,
910 2870 1022 2932 scilicet
1035 2871 1181 2948 pruritum

251 2995 281 3052 et
297 3010 358 3050 una
371 2989 402 3049 in
418 2987 562 3058 flammiS,
583 2984 694 3045 scilicet
714 2983 822 3042 irritos
842 2979 922 3040 Nam
939 2980 1032 3038 oirtm
1051 2977 1181 3054 notitior,

203 3105 231 3147 55
251 3093 385 3173 potentia
410 3091 548 3168 quaedam
574 3094 633 3150 est:
661 3089 715 3149 sed
745 3087 860 3165 species
885 3084 959 3147 Bnni
988 3083 1179 3164 apprehensi,
1290 3149 1291 3172 χ

250 3195 348 3256 forma
365 3201 411 3254 est
427 3195 590 3272 ejussquae
608 3192 729 3269 quidem
741 3192 853 3264 forma,
873 3191 1132 3268 quemadmodum
1152 3191 1181 3251 et
1290 3185 1291 3190 ’

251 3299 328 3373 aliae,
349 3319 410 3360 una
429 3299 460 3360 in
481 3319 514 3361 se
534 3299 762 3377 multiplicatur,
783 3299 949 3359 secundum
968 3295 1180 3376 multiplicatio·

250 3387 325 3468 nem¹
338 3405 471 3466 materiae
488 3405 673 3483 recipientiS,
691 3413 723 3466 ut
739 3406 841 3466 animo
857 3410 888 3466 et
904 3423 1055 3482 numerus,
1072 3408 1104 3492 et
1121 3399 1181 3463 aliae

250 3514 356 3574 iormae
366 3510 572 3591 compositioni
585 3512 798 3588 contingentes.
810 3509 864 3570 His
877 3507 1050 3588 praemissis,
1061 3511 1181 3594 propter
