2556 4032
198 149 254 208 ne
484 159 521 202 on
539 156 669 200 vueornn
687 155 877 204 enoooenrn.

200 276 268 331 dere
282 273 399 329 insieme
421 272 430 326 i
448 271 508 327 loro
523 271 646 340 Dialem,
659 269 771 342 quando
790 269 834 340 git
848 283 899 340 per
913 283 969 322 une
982 267 1159 341 privilegiata
1267 315 1268 328 ι

199 369 314 433 natura,
332 363 398 434 qual
412 361 447 416 ad
463 360 587 432 esempio
602 360 625 415 si
649 359 789 414 mentione
807 359 855 412 nel
868 357 1005 426 Temeno,
1026 373 1084 412 non
1102 358 1166 413 1ie··

200 469 307 509 seanoe
318 453 375 508 cosi
388 449 532 506 diiendere
542 467 556 504 e
565 449 702 504 assicurar
710 449 730 502 il
740 447 862 520 proprio,
875 448 910 502 da
919 447 1049 502 renderio
1059 463 1161 518 preve·

201 543 275 598 lente
291 557 325 596 su
339 539 378 610 gli
391 539 470 596 altri..
478 539 523 594 Ma
538 537 629 610 questi
644 553 695 592 son
707 537 767 591 fatti
781 537 847 606 ohe,
866 551 922 592 non
937 536 1087 607 petendosi
1101 539 1160 592 mai

200 630 318 686 definire
331 628 546 701 precisamente‚
560 627 663 683 laseian
673 642 784 698 sempre
794 641 891 696 eampo
901 642 917 680 a
926 623 1073 697 quistioni,
1087 627 1165 682 dove

201 719 223 774 11
236 733 385 790 compenso
400 732 452 789 per
465 715 612 771 discuterle
627 715 714 769 riesoe
734 713 805 768 assai
815 728 907 768 soarso
917 713 947 768 in
956 713 1075 785 rispetto
1086 715 1159 772 delle

200 807 282 864 ietiea
296 823 312 863 e
327 807 373 862 del
391 811 485 876 tempo
500 805 550 858 ohe
575 803 601 857 vi
619 803 643 858 si
661 802 779 874 sponde,
798 817 866 857 aneo
890 818 907 857 a
930 803 989 858 solo
1012 805 1093 874 porle
1111 806 1160 860 nel

201 915 266 954 vero
285 902 407 969 aspetto,
425 894 496 950 onde
513 895 642 972 vogliono
657 909 734 948 esser
748 891 911 948 diseminate
925 891 1016 963 prima
1030 893 1105 948 della
1118 893 1160 949 di-

202 986 344 1042 scussione
360 989 458 1038 stessa.

273 1075 317 1128 51.
341 1072 411 1128 Vere
425 1071 572 1128 Latinum.
589 1071 667 1126 Dalle
679 1069 774 1141 parole
789 1070 964 1140 susseguenti
976 1071 1000 1124 si
1010 1071 1100 1126 rende
1113 1087 1162 1143 pa·

201 1165 269 1233 lese,
286 1164 336 1217 ohe
347 1162 435 1216 Dante
451 1161 613 1231 riguardava
629 1176 708 1215 come
722 1160 743 1214 il
756 1159 804 1230 pin
819 1159 1050 1214 Grammatieate
1064 1177 1080 1215 e
1094 1177 1161 1233 per-

202 1252 244 1309 oio
266 1256 428 1305 veramente
451 1249 557 1304 Italico
572 1249 592 1303 il
616 1248 675 1303 solo
694 1248 811 1318 Volgare
826 1247 953 1303 Illustre.
975 1247 997 1300 E
1016 1249 1102 1320 quale
1119 1251 1161 1305 sia

202 1345 300 1414 questo
315 1355 330 1394 e
346 1339 375 1394 in
390 1339 441 1394 ohe
456 1337 539 1393 modo
554 1335 644 1392 debha
657 1333 827 1406 intendersi,
841 1336 861 1391 il
874 1336 1005 1393 vedremo
1019 1339 1067 1393 nel
1081 1339 1162 1410 Capi-

201 1429 260 1486 tolo
276 1434 419 1499 seguente.

460 1658 607 1714 Gnrnooo
626 1657 698 1713 XVI.
715 1687 752 1698 -
766 1656 832 1727 Pag.
852 1658 897 1712 44.

283 1873 345 1929 Lin.
365 1873 392 1928 1.
413 1874 573 1946 Postquam
596 1872 692 1927 renati
708 1873 798 1927 sottus
814 1874 840 1926 et
854 1885 968 1942 paeone
982 1887 1087 1927 eumue
1101 1871 1163 1926 Ita·
1267 1889 1268 1896 ¹

205 1961 269 2031 lire,
287 1968 340 2018 eto.
356 1963 467 2016 Benene
487 1966 563 2016 tanto
576 1965 680 2032 quanto
696 1958 720 2012 si
737 1974 819 2029 possa
834 1975 985 2030 approvano
1000 1975 1038 2012 un
1055 1959 1162 2016 sitiatto

203 2056 354 2119 oostrutto‚
369 2066 438 2104 sono
448 2050 561 2104 tuttavia
572 2050 600 2102 di
609 2049 699 2103 fermo
709 2049 800 2102 avviso
811 2049 862 2102 ohe
873 2048 897 2102 si
907 2047 995 2102 debba
1008 2046 1052 2102 far
1061 2065 1165 2120 prece·
1267 2025 1268 2094 f

204 2138 273 2194 dere
290 2139 317 2192 la
335 2137 477 2208 perticella
499 2155 513 2190 (ι
522 2153 606 2209 per»
630 2155 646 2191 a
669 2121 804 2204 «saltere,
823 2155 837 2190 o
858 2137 969 2207 giaeeht
990 2151 1061 2207 poco
1086 2137 1163 2210 dopo

205 2227 227 2281 s'
239 2241 360 2280 accenna
368 2225 420 2280 ohe
430 2225 522 2296 quella
531 2226 602 2280 eotal
612 2225 714 2295 enecta,
727 2225 772 2280 cui
784 2225 891 2280 miralo
901 2225 992 2280 studio
1003 2226 1048 2280 del
1058 2227 1161 2298 Poeta,
1267 2227 1268 2248 ³

205 2312 230 2369 si
243 2313 321 2384 volgo
336 2311 389 2367 atla
395 2319 533 2385 protere,
543 2315 595 2368 che
605 2313 766 2370 nell'italiea
779 2315 859 2370 Selva
874 2316 942 2370 deve
955 2331 1008 2371 con
1020 2316 1163 2372 industria

204 2401 404 2472 rintraociarsi‚
421 2403 464 2458 vo’
474 2403 534 2458 dire
549 2404 567 2458 l'
577 2403 697 2459 Illustre
716 2405 847 2475 Voloore.
862 2405 883 2458 E
899 2405 987 2460 difetti
1002 2405 1022 2460 il
1035 2407 1163 2462 Trissino

205 2491 328 2548 traduce:
350 2491 461 2563 nepot
476 2494 527 2547 ohe
547 2509 644 2548 avemo
659 2499 768 2548 eereato
783 2494 931 2564 pertutt'i
948 2495 1018 2550 setti
1036 2491 1162 2571 (boschi)
1267 2527 1268 2552 ι

206 2581 345 2652 epaseoti
360 2580 485 2638 ct'Itatte
492 2625 502 2653 ,
519 2598 559 2637 ee.

277 2668 305 2724 3.
323 2669 527 2741 Ιηυεείὶρειιιιιι
538 2671 573 2725 de
585 2671 638 2724 illo
649 2669 810 2742 (panthera)
824 2676 899 2726 ut...
914 2671 1092 2728 redolentem
1104 2673 1164 2729 ebi-
1267 2699 1268 2712 ι

206 2773 261 2830 que
270 2762 296 2812 et
305 2775 355 2813 neo
365 2765 567 2831 apparentem,
579 2758 686 2812 nostrie
695 2759 809 2828 penitus
821 2761 990 2818 irretiamur
1000 2763 1161 2817 tendiculis.
1267 2795 1268 2846 ι

206 2849 285 2905 Giovi
297 2856 465 2922 premettere
473 2851 523 2904 ohe
531 2850 558 2904 la
565 2849 696 2921 precipua
705 2855 834 2906 sentenza
843 2851 891 2922 qui
903 2853 995 2907 voluta
1009 2853 1164 2925 reprimere
1267 2865 1268 2896 ι

207 2939 379 2995 dalt’Autore
389 2941 412 2995 si
426 2942 450 3008 ὲ,
462 2941 513 2994 ohe
522 2939 542 2993 11
551 2939 671 3010 Volyore
680 2937 783 2992 Italico
793 2938 834 3010 (le
843 2946 958 3010 pantena
972 2941 995 2994 si
1004 2940 1165 2996 rintraeoia-
1267 2939 1268 2966 ¹

207 3023 249 3102 ta)
263 3028 300 3082 (11
313 3035 424 3084 sentore
438 3029 467 3084 di
481 3031 511 3084 st
526 3029 555 3082 in
569 3030 635 3098 ogni
647 3027 717 3082 cine
730 3032 835 3095 nostra,
852 3043 899 3082 ma
913 3043 971 3082 non
983 3029 1006 3082 s’
1017 3025 1120 3083 a‘nnida
1134 3029 1165 3083 in

208 3115 322 3170 alcuna:
335 3116 367 3170 in
378 3119 503 3186 qualibet
511 3117 618 3172 redolet
630 3117 757 3184 civitate,
768 3133 819 3172 ree
827 3117 911 3172 cubat
923 3117 955 3171 in
965 3119 1043 3172 nlla:
1055 3117 1106 3174 lin.
1117 3115 1162 3172 33.
1267 3105 1268 3110 ἵ

208 3203 243 3258 Di
260 3203 311 3256 ohe
335 3205 350 3257 t
372 3204 453 3260 lecito
475 3205 623 3277 d’ergnire
648 3205 698 3260 ohe
724 3205 798 3259 nelle
817 3206 966 3276 snellegate
984 3207 1082 3276 parole
1100 3205 1165 3262 siasi

207 3290 347 3346 insinuato
361 3293 479 3364 qualche
493 3312 590 3350 errore
602 3295 637 3350 da
652 3295 697 3352 chi
710 3296 766 3349 mal
775 3311 861 3367 seppe
872 3296 984 3365 leggere
996 3295 1041 3350 ne’
1053 3294 1162 3364 Godiei‚

208 3379 277 3436 dove
292 3380 321 3434 in
336 3379 442 3436 cambio
456 3382 483 3435 di
500 3399 593 3452 «nee,
608 3401 621 3437 ι
639 3389 798 3438 occorrente
814 3385 888 3438 nella
902 3384 1030 3454 volgata,
1047 3384 1165 3438 sitione

207 3470 227 3524 1’
236 3469 429 3526 abbreviatum
442 3487 456 3523 n
467 3474 512 3526 rto
527 3472 577 3527 che
588 3473 608 3527 il
617 3474 703 3530 Witte
716 3474 828 3530 intende
838 3491 890 3546 per
904 3489 1053 3546 nusquam
1060 3491 1095 3544 ,ι
1111 3489 1166 3545 pur
