2560 4022
221 183 272 238 ¹48
507 191 545 234 nn
562 191 688 234 vunonnr
705 190 897 241 rnoounnrra.

240 324 419 386 conveniens
440 331 499 398 est,
521 324 605 386 utin
626 344 663 385 ea
683 331 891 399 conversetur,
912 333 941 387 et
959 325 1087 388 habitet:
1109 345 1166 388 nec

239 429 359 509 aliquod
375 430 455 492 aliud
475 429 678 491 habitaculum
694 435 778 491 tanto
795 429 918 507 dignum
936 436 982 492 est
1001 431 1166 495 habitante.

189 546 218 592 ro
238 537 304 598 Hoc
319 557 430 617 nempe
443 535 559 598 videtur
576 556 643 598 esse
657 537 699 609 id,
717 538 755 600 d'e
772 557 830 616 quo
844 537 1007 617 loquimur,
1021 539 1166 616 Vulgare3

238 659 268 716 et
280 655 350 715 hinc
363 659 422 728 est,
435 653 516 731 quod
529 652 560 712 in
574 651 673 730 Regiis
683 644 827 712 'omnihus
843 655 1072 724 conversantes,
1087 669 1167 712 sem·

237 783 292 842 per
307 763 415 824 Illuslri
429 761 549 839 Vulgari
564 763 735 840 loquuntur.
750 759 827 821 Hinc
842 758 931 820 etiam
945 766 1004 831 est,
1019 760 1100 835 quod
1115 779 1165 819 no·

235 874 331 930 strum
341 867 458 929 Illustrc
470 870 552 928 velut
564 867 666 929 accola
680 866 897 946 peregrinatur,
914 873 943 928 et
957 865 988 926 in
1000 863 1167 926 humilibus

235 973 403 1052 hospitatur
417 971 520 1050 asylis,
536 991 606 1034 cnm
620 972 698 1033 Aula
712 991 863 1034 vacemus.

190 1083 215 1128 2⁵
316 1081 370 1140 Est
384 1078 474 1140 etiam
490 1078 596 1139 merito
613 1076 731 1138 Curtolc
740 1078 913 1151 dicendum,
929 1076 999 1156 quia
1013 1075 1165 1140 curialitas

235 1181 277 1242 nil
296 1181 378 1242 aliud
398 1187 460 1255 est,
482 1202 574 1258 quam
593 1181 700 1244 librata
719 1185 822 1260 regula
847 1203 966 1259 eorum,
988 1205 1055 1262 quae
1079 1205 1167 1264 pera·

236 1291 334 1368 genda
347 1296 432 1362 sunt,
451 1295 480 1349 et
497 1287 567 1365 quia
587 1291 700 1348 statera
719 1287 893 1366 hujusmodi
912 1287 1079 1349 librationis
1100 1295 1166 1350 tan·

234 1402 300 1457 tum
312 1395 343 1456 in
362 1394 619 1457 excellentissimis
633 1394 731 1456 Curiis
745 1413 813 1458 esse
827 1395 918 1469 solet,
934 1394 1004 1456 hinc
1021 1403 1066 1457 est
1081 1398 1164 1474 quod

234 1501 374 1579 quicquid
393 1500 425 1562 in
445 1499 560 1562 actibus
580 1499 690 1562 nostris
710 1501 788 1561 bene
809 1499 951 1562 libratum
972 1506 1032 1575 est,
1053 1505 1165 1563 curiale

186 1621 213 1666 50
234 1589 360 1676 dicatur.
381 1608 469 1669 Unde
489 1627 560 1669 cum
584 1608 664 1670 istud
689 1607 721 1667 in
745 1607 995 1669 excellentissima
1019 1609 1161 1670 Italorum

232 1712 322 1776 Curia
348 1713 386 1776 sit
410 1713 568 1789 libratum,
595 1715 652 1776 dici
678 1715 796 1775 Orrriols
815 1720 957 1776 meretur.
979 1713 1040 1775 Sed
1061 1714 1162 1776 dicere

232 1825 313 1902 quod
334 1823 366 1884 in
390 1823 640 1887 excellentissima
667 1824 810 1886 Italorum
834 1826 917 1885 curia
946 1823 983 1886 sit
1004 1824 1160 1899 libratum,

231 1931 346 1992 videtur
367 1930 501 2008 nugatio,
523 1951 593 1992 cum
610 1930 700 1991 Curia
716 1950 882 1993 careamus.
904 1930 952 1992 Ad
973 1932 1051 2007 quod
1073 1930 1165 1992 facile

230 2039 437 2123 respondetur.
458 2036 536 2098 Nam
555 2037 624 2098 licet
644 2035 734 2097 Curia
761 2037 940 2112 (secundum
965 2035 1044 2115 quod
1070 2036 1165 2098 unica

183 2155 210 2199 55
231 2141 386 2219 accipitur,
403 2147 437 2201 ut
457 2140 539 2200 curia
558 2139 648 2217 Regis
669 2137 848 2220 Alamaniae)
867 2139 898 2200 in
920 2140 1003 2200 ltalia
1023 2159 1085 2200 non
1107 2139 1162 2214 sit,

230 2247 368 2308 membra
384 2250 487 2306 tamen
504 2245 569 2324 ejus
586 2265 647 2306 non
662 2245 785 2306 desunt:
800 2249 830 2306 ct
844 2246 920 2306 sicut
932 2245 1070 2305 membra
1080 2243 1161 2305 illius

228 2370 288 2412 uno
305 2349 440 2428 Principe
456 2350 610 2424 uniuntur,
632 2350 675 2412 sic
694 2351 832 2412 membra
852 2350 941 2429 hujus
963 2350 1094 2428 gratioso
1114 2351 1159 2411 lu·

229 2455 311 2518 mine
330 2455 453 2516 rationis
472 2455 557 2516 unita
581 2461 664 2518 sunt:
691 2475 785 2534 quare
809 2457 920 2518 falsum
945 2461 1025 2518 esset
1045 2454 1158 2528 dicere,

230 2561 320 2624 Curia
346 2581 449 2624 carere
477 2562 579 2637 Italos,
609 2582 794 2642 quamquam
820 2563 956 2643 Principe
986 2583 1158 2638 careamus;

185 2689 214 2734 40
233 2673 375 2750 quoniam
391 2672 513 2736 Curiam
540 2674 701 2749 habemus,
732 2677 802 2737 licet
831 2675 1024 2756 corporaliter
1050 2674 1089 2736 sit
1118 2675 1159 2736 di-

230 2795 345 2856 spensa.

596 2919 692 2982 Caror
712 2921 788 2982 XIX.

269 3108 387 3153 idiomata
393 3111 474 3154 italica
483 3111 515 3154 ad
522 3121 601 3155 unum
610 3111 767 3165 reducuntur,
778 3113 843 3166 quod
852 3113 987 3168 appellatur
993 3113 1122 3159 Latinum.

307 3299 372 3360 Hoc
385 3304 488 3362 autem
500 3301 641 3379 Vulgare,
656 3300 736 3378 quod
748 3300 879 3383 Illustrc,
893 3304 1064 3386 Cordtnolc,
1074 3309 1160 3370 Auti-

227 3424 388 3481 comesse,
407 3413 437 3468 et
453 3407 569 3468 Ouch
582 3417 738 3472 ostensum
755 3416 812 3483 est,
836 3410 961 3474 dicimus
983 3432 1051 3475 esse
1069 3414 1155 3490 illud,

227 3517 306 3592 quod
322 3514 450 3594 Vulgare
465 3515 604 3577 Latinum
620 3517 794 3594 appellatur.
812 3518 890 3582 Nam
906 3519 983 3582 sicut
1002 3523 1157 3600 quoddam
