2576 4052
507 263 665 306 concissam.
1007 255 1062 309 305

96 377 231 433 mondani
252 375 282 430 in
302 375 395 430 coloro
414 375 479 442 che,
502 390 551 444 per
570 373 662 428 afficio
682 373 709 428 di
729 375 871 446 predicare
885 378 913 432 la
932 379 1059 434 Dottrina

95 465 270 536 evangelica,
286 464 394 518 devono
411 461 514 537 recarla
529 461 559 515 in
574 461 711 532 esempio,
724 462 759 515 ed
772 463 865 518 hanno
880 466 968 520 anche
983 483 1056 537 mag·

95 555 157 625 gion
175 553 288 622 obbliga
303 553 331 606 di
346 550 486 622 spregiace
506 549 599 604 siffatti
617 549 700 616 beni,
717 551 788 606 onde
804 552 918 608 l'Uomo
933 555 995 608 suot
1015 572 1056 608 es-

95 660 159 698 sere
175 643 283 697 sedotto
300 658 315 696 e
331 641 523 710 agevolmente
539 638 651 694 distolto
671 640 743 694 dalle
760 641 801 694 vic
821 641 867 696 del
884 642 972 698 Gielo:
990 643 1058 713 Ini,

94 729 697 800 x1x,115;1³urg.‚xxx11,137;ear.,xx‚
715 731 761 797 563
777 730 861 799 Mon.‚
878 745 914 796 n,
929 732 972 788 12.

167 814 214 870 18.
232 813 344 869 Forsan
360 812 462 867 melias
475 817 554 868 est...
566 813 619 866 sub
629 813 680 884 pio
695 814 822 881 silentio,
832 814 995 869 Satoatoris
1011 833 1059 871 ao·

94 905 151 960 stri
166 909 319 974 expectare
333 918 510 973 succursum.
518 901 552 955 Di
566 902 616 955 che
630 902 768 972 possiamo
784 902 840 956 bon
855 908 994 957 accertace
1010 904 1058 958 noi
1141 899 1143 904 '

94 993 194 1061 stessi,
213 994 264 1046 che
280 994 298 1045 t’
309 991 386 1045 esulc
402 992 501 1058 Poeta,
517 990 639 1044 allorchb
658 991 681 1044 si
701 991 866 1061 travagliava
885 993 1057 1047 dottemente

95 1085 208 1137 intorno
222 1099 239 1136 a
252 1082 276 1134 si
289 1080 362 1150 gravi
377 1096 392 1133 e
405 1079 557 1150 pericolose
571 1078 717 1150 quistioni‚
729 1096 813 1134 aveva
823 1081 927 1135 oramai
938 1086 1008 1136 tutta
1021 1080 1058 1134 ri·

95 1175 177 1241 posta
192 1170 220 1224 la
233 1186 284 1223 sna
297 1185 431 1240 speranza
443 1167 472 1222 in
483 1167 547 1236 Dio,
560 1167 619 1221 viva
630 1167 769 1225 Giustizia.
782 1167 878 1237 Certo,
892 1170 941 1223 che
954 1164 1057 1224 doveva

94 1258 139 1328 gib
157 1257 275 1326 essergli
290 1261 417 1312 manacta
432 1257 459 1334 le
477 1256 578 1311 fiducia
593 1257 658 1311 nctl'
669 1273 724 1310 uno
743 1274 759 1312 o
778 1257 844 1310 nett'
855 1258 926 1312 altro
942 1258 987 1312 dei
1002 1243 1056 1311 ¹Po-

94 1347 164 1402 tenti
180 1347 255 1400 delta
267 1346 368 1413 Terra,
384 1344 429 1398 dai
444 1345 520 1416 quali
534 1347 564 1399 in
578 1346 704 1401 addietno
720 1347 742 1400 s’
753 1363 801 1401 era
815 1363 959 1418 promesso
976 1347 1058 1402 alcun

95 1438 208 1492 efficace
227 1435 332 1489 ristona
343 1433 388 1488 atl’
400 1435 508 1488 avvilita
523 1434 628 1504 dignita
643 1435 706 1487 dell'
717 1435 828 1505 Impera
843 1436 872 1490 di
887 1437 991 1505 Roma,
1013 1437 1062 1491 de·

97 1525 200 1580 stinato
216 1539 234 1578 a
250 1523 470 1594 promovimento
486 1539 501 1577 c
517 1526 645 1590 sostegno
661 1522 735 1575 detta
751 1523 821 1576 Pace
837 1523 1002 1578 universale.
1076 1531 1081 1543 ·

167 1611 215 1665 21.
237 1610 401 1676 Persuasit,
424 1611 530 1665 benchb
548 1611 575 1664 ta
594 1610 709 1678 volgata
724 1611 797 1680 porti
821 1607 1057 1682 «praesumpsit»

99 1698 222 1755 secondo
237 1698 246 1751 i
262 1699 370 1768 Codici,
387 1701 402 1753 ὁ
422 1715 504 1754 senza
523 1714 612 1753 vesun
631 1699 734 1754 duhhio
753 1700 781 1753 ta
799 1700 919 1767 lezione‚
940 1701 991 1754 che
1011 1701 1060 1772 qui

95 1788 185 1843 vuolsi
202 1788 354 1856 accogliere
371 1805 422 1859 per
438 1790 466 1844 la
480 1788 529 1859 piis
552 1789 694 1843 conforme
709 1789 735 1842 al
752 1805 828 1858 vero;
852 1791 986 1861 perocchi
1007 1790 1059 1844 rie·

95 1896 140 1934 sce
156 1879 331 1934 confermata
345 1878 381 1932 de
396 1883 468 1934 tutto
485 1883 589 1949 quanto
614 1878 637 1932 si
658 1878 772 1948 regiona
793 1878 842 1950 piis
863 1885 935 1934 sotto
952 1896 967 1933 e
987 1880 1061 1935 dalla

95 1969 188 2022 forma
204 1953 292 2022 stesso
308 1967 353 2020 del
368 1967 589 2036 ragionamento:
608 1967 658 2020 lin.
675 1967 718 2024 30.

166 2057 213 2110 23.
228 2055 364 2126 inferant
377 2056 453 2109 enim
463 2055 732 2110 se‘coatradictoria
745 2055 866 2110 invicem
877 2074 895 2110 a
908 2057 1057 2112 contrario

94 2163 190 2202 sensa.
207 2145 278 2214 Ogni
292 2145 526 2198 contraddiaione
540 2147 554 2197 ὲ
568 2146 646 2215 falsa
663 2162 676 2198 e
691 2161 759 2199 vera
769 2145 859 2220 (Pan,
870 2160 914 2216 m,
926 2145 986 2222 21),
1001 2147 1064 2200 valo

93 2253 109 2288 s
125 2235 203 2302 dire,
218 2249 247 2286 se
265 2234 346 2287 t'una
361 2233 432 2288 delle
447 2233 502 2288 due
517 2233 702 2303 proposizioni
717 2234 924 2289 contraditionis
942 2237 957 2290 e
973 2253 1062 2304 vera,

93 2323 193 2378 l'altra
214 2322 274 2375 dcv’
283 2338 376 2375 essere
394 2323 485 2393 falsa,
509 2339 524 2375 e
543 2323 599 2376 cosi
617 2337 668 2391 per
690 2324 838 2376 contrario.
863 2324 904 2376 Ed
929 2325 1019 2380 iniatti
1040 2325 1070 2402 it}

95 2429 161 2467 aero
182 2428 197 2466 e
216 2411 236 2463 il
252 2412 325 2478 saiso
341 2411 365 2464 si
380 2409 530 2464 escludono
551 2426 567 2463 a
585 2409 716 2476 visenda,
737 2411 841 2478 talahi,
860 2417 940 2480 posto
959 2414 1062 2483 l’ano,

95 2503 151 2571 pub
167 2499 325 2554 dedursene
341 2501 368 2554 ta
383 2498 534 2570 negoriana
549 2498 614 2552 dell‘
627 2498 697 2551 altro
712 2497 976 2556 immediatamente.
1018 2489 1021 2496 ’

168 2589 214 2643 33.
237 2589 380 2654 Christos,
398 2595 430 2644 at
445 2589 518 2659 Ejas
532 2588 627 2641 scriba
646 2585 737 2640 Lucas
754 2591 888 2653 testatae,
904 2589 954 2641 sab
970 2588 1063 2642 edicto

97 2677 242 2732 Romarm
260 2677 452 2732 Auctoritatis
477 2675 556 2730 nasci
575 2676 666 2730 ootait
685 2676 719 2730 de
742 2675 858 2746 Virpiae
879 2676 983 2746 Matre,
1007 2683 1060 2732 etc.

97 2767 146 2820 Cib
162 2770 252 2820 stesso
266 2782 351 2820 avesa
369 2764 413 2834 gii
432 2767 616 2836 premostrato
636 2763 656 2816 il
675 2763 758 2816 Poeta
777 2763 852 2818 nella
870 2781 920 2819 sua
940 2765 1063 2835 Epistola

96 2857 133 2909 ad
152 2853 255 2924 Arcigo
274 2853 426 2928 V11,§1v:
452 2852 574 2915 antam
593 2850 798 2905 uttiversatiter
819 2851 921 2907 Orbem
942 2853 1063 2908 describi

97 2942 235 2998 edixisset
254 2942 399 3013 Aapastns
424 2943 468 3014 (at
491 2943 545 2996 Bos
570 2945 665 2995 noster
690 2941 903 3009 eoaapetizaas,
929 2957 1062 2997 accensas

98 3031 177 3103 tynis
196 3031 333 3103 (lamma,
353 3031 507 3104 remapit),
527 3031 553 3084 si
571 3047 630 3084 aaa
649 3031 683 3084 de
696 3029 855 3098 justissimi
874 3030 1063 3101 principatus

98 3122 173 3176 aata
182 3120 339 3191 prodiisset
351 3120 492 3186 edictam,
503 3118 671 3191 Unigenitas
685 3117 740 3172 Dei
752 3117 778 3171 F
778 3118 845 3172 iiius
851 3159 859 3186 ,
872 3119 956 3172 horno
969 3121 1062 3189 factas

99 3212 141 3266 ad
163 3211 364 3282 profitendam
385 3211 542 3266 secandam
560 3214 701 3263 naturam
721 3211 901 3276 assarnptam
922 3207 1011 3261 edicto
1032 3224 1062 3262 se

98 3302 265 3369 subditam,
283 3317 436 3371 autequam
457 3305 524 3355 tanc
543 3299 577 3354 de
601 3297 717 3366 Virpiae
735 3295 816 3350 nasci
834 3291 987 3353 voluisset:
1004 3314 1063 3351 aon

100 3392 182 3446 enim
204 3391 338 3446 suasisset
357 3390 513 3461 injustam,
534 3405 619 3462 onem
639 3403 754 3444 carnem
771 3386 920 3454 justitiam
941 3386 1065 3456 impiere

100 3481 255 3536 decebat.»

176 3567 221 3622 39.
243 3567 336 3624 Filias
353 3568 442 3624 Dei...
458 3568 509 3640 qai
528 3571 658 3638 tempora
675 3571 756 3622 tanta
771 3567 869 3637 ficerat
889 3567 1063 3636 expectatus.
