2590 4038
498 179 584 222 tinen
602 183 721 226 vulnus,
808 197 818 214 ⁸
1020 178 1074 234 235

131 304 216 364 unde
233 303 428 380 Philosophus
449 303 481 365 in
503 307 565 367 suis
583 309 712 370 Potitieis
729 311 786 372 ait:
806 315 887 386 Quod
906 318 938 376 in
959 319 1069 379 Potitia

135 413 254 490 obliqua
271 412 458 472 bonushomo
474 419 515 472 est
529 414 623 473 mulus
636 416 724 489 dors·
741 417 775 476 in
790 425 870 477 recto
886 439 963 495 uero,
981 422 1071 482 bonus
1091 435 1122 480 to

132 519 217 579 homo
234 526 261 577 et
285 520 355 578 cim's
371 519 461 578 boreus
478 527 687 582 conuertuntur.
705 524 742 584 Et
766 524 939 602 hujusmodi
957 528 1069 590 Politiae
1143 535 1149 548 '

133 633 226 687 rectae
242 625 414 686 libertatern
429 625 600 702 intendunt,
618 628 728 690 seilicet
742 635 775 690 ut
792 630 931 692 homines
947 638 1069 712 propter

134 751 169 794 se
191 732 261 794 sint.
282 733 350 794 Non
377 731 456 794 enim
476 733 555 793 cives
582 741 705 812 propter
724 734 887 811 Consules,
910 757 967 798 neo
994 758 1069 815 gens

133 845 260 916 propter
272 839 400 916 Regem3
417 840 501 900 sede
516 858 661 900 converso
675 839 822 903 Consules
839 849 962 922 propter
980 844 1068 920 cives,

133 944 201 1003 Rex
222 949 345 1022 propter
365 949 493 1020 gentem.
511 945 587 1018 Quia
602 948 857 1022 quemadmodum
880 969 942 1010 non
965 952 1068 1014 Politia
1090 967 1118 1012 55

135 1051 174 1110 ad
185 1050 295 1126 Leges,
314 1049 386 1126 quin
400 1047 459 1110 imo
470 1051 566 1127 Leges
580 1053 618 1111 ad
632 1053 770 1114 Politiam
784 1061 952 1132 ponuntur3
968 1059 1010 1118 sio
1025 1077 1069 1120 se·

134 1158 268 1219 cundum
284 1157 383 1232 legem
401 1155 623 1228 viventes,'non
640 1157 679 1216 ad
696 1157 912 1233 Legislatorem
930 1161 1068 1224 ordinan-

116 1269 201 1338 .tur‚
218 1263 272 1324 sed
291 1262 387 1341 magis
407 1264 458 1326 ille
475 1264 513 1323 ad
536 1264 606 1322 hos:
624 1267 657 1323 ut
681 1267 710 1323 et
729 1265 905 1343 Philosopho
923 1267 1021 1344 placet
1037 1270 1068 1330 in

134 1369 185 1442 iis,
205 1389 272 1446 quae
290 1372 328 1430 de
344 1370 484 1448 praesenti
503 1370 630 1431 materia
650 1371 736 1431 nobis
753 1373 793 1432 ab
811 1391 846 1434 eo
868 1373 971 1434 relicta
985 1379 1065 1438 sunt.

135 1472 214 1534 Hinc
234 1472 326 1534 etiam
346 1479 440 1551 patet,
459 1476 538 1551 quod
561 1477 696 1552 quamvis
720 1477 833 1539 Consul
858 1481 926 1541 sive.
937 1483 1003 1544 Rex
1025 1504 1069 1546 re·
1090 1497 1121 1543 60

135 1586 243 1659 speetu
256 1581 311 1640 viae
327 1580 385 1640 siut
398 1580 509 1640 domini
525 1581 662 1653 aliorum,
677 1585 817 1658 respectu
831 1586 934 1642 autem
948 1584 1067 1646 termini

136 1688 266 1748 aliorum
283 1687 414 1748 ministri
429 1692 515 1748 sunt:
533 1693 562 1747 et
578 1686 709 1746 maxime
725 1687 902 1765 Monurntn,
917 1690 967 1766 qui
985 1689 1067 1754 mini-

139 1802 203 1857 ster
220 1795 357 1854 omnium
373 1797 477 1872 procul
496 1793 585 1853 dubio
602 1793 759 1852 habendus
777 1798 832 1854 est.
851 1794 928 1856 Hine
941 1797 1005 1874 jam
1026 1797 1069 1858 in·

137 1907 297 1961 notescere
321 1905 432 1976 potest,
456 1900 536 1977 quod
559 1899 721 1958 Monarchu
741 1898 942 1958 necessitatur
965 1900 1068 1962 a-fine

135 2008 192 2069 sibi
213 2007 351 2086 praefixo,
369 2006 400 2066 in
424 2005 539 2081 legibus
563 2005 718 2082 ponendis.
740 2005 818 2080 Ergo
836 2005 938 2066 Genus
960 2006 1067 2068 humass
1091 2015 1120 2062 ou

136 2131 212 2173 num
229 2114 287 2172 sub
303 2112 467 2172 Monaroha
482 2111 629 2183 existens,
647 2109 759 2188 optime
775 2110 926 2172 sehabet.
944 2113 989 2172 Ex
1007 2131 1067 2190 quo

136 2207 285 2296 sequitur,
315 2218 397 2296 quod
423 2217 462 2278 ad
487 2217 564 2276 bene
592 2235 659 2276 esse
683 2217 788 2278 muudi
812 2218 989 2280 Monarchiu
1018 2238 1069 2282 ne·

138 2340 224 2384 cesse
243 2328 299 2382 est.

493 2495 495 2500 '
518 2481 615 2542 Garun
635 2483 697 2542 XV.

150 2723 153 2729 Δ
167 2663 262 2716 Optime
276 2664 307 2706 ad
321 2663 455 2716 regendum
469 2665 625 2718 dispositum,
641 2665 701 2714 alios
714 2667 804 2718 optime
817 2665 945 2719 disponere
958 2675 1037 2720 posse.

142 2896 146 2904 ·
220 2863 343 2936 Adhuc,
361 2863 410 2924 iile
434 2865 484 2942 qui
505 2869 604 2944 potest
625 2881 692 2924 esse
713 2861 824 2940 optime
847 2862 1008 2938 dispositus
1030 2866 1069 2924 ad

136 2973 321 3048 regendum,
336 2971 445 3050 optime
463 2972 535 3032 alios
554 2962 719 3048 disponere
727 2973 835 3045 potest.
850 2966 928 3026 Nam
941 2967 972 3026 in
987 2966 1069 3027 omni

137 3077 257 3138 actione
274 3077 473 3156 principaliter
488 3076 651 3137 intenditur
667 3075 705 3134 ab
727 3079 848 3150 agente,
865 3072 927 3132 sive
940 3071 1069 3134 necessi·

138 3187 200 3245 tate
216 3192 346 3259 naturae,
365 3186 426 3246 sive
446 3183 610 3246 voluntarie
631 3185 713 3258 agat,
734 3178 886 3258 propriam
907 3177 1069 3240 similitudi·

136 3305 210 3346 nem
227 3287 391 3366 explicaro3
403 3290 481 3349 unde
496 3289 540 3360 fit,
552 3288 631 3365 quod
643 3305 732 3347 omne
750 3305 858 3362 agens,
873 3285 904 3346 in
922 3294 1068 3364 quantum
1089 3296 1103 3341 ⁵

137 3393 324 3472 hujusmodi,
337 3396 453 3472 agendo
464 3395 637 3455 delectatur.
648 3389 736 3465 Quia,
746 3409 815 3450 uum
832 3409 921 3450 omne
933 3390 1013 3466 quod
1024 3394 1069 3450 est

136 3507 261 3582 appetat
282 3521 372 3562 suum
392 3519 478 3574 esse;
498 3497 586 3563 eoin
609 3496 738 3572 agendo,
761 3494 875 3572 agentis
900 3513 968 3555 esse
995 3511 1069 3570 quo-
