2590 4038
491 156 576 197 LlBER
595 155 750 198 SECUNDUS.

531 416 626 476 Cunus
649 417 707 474 Vll.

184 627 322 668 Romanum
334 622 451 674 populum
463 631 478 662 a
488 620 581 662 Natura
593 619 624 661 ad
636 617 805 671 imperandum
818 617 956 660 ordinatum
970 619 1051 664 fuisse.

232 819 270 877 Et
286 819 359 878 illud
377 817 457 893 quod
475 816 590 876 Natura
611 814 772 888 ordinavit,
791 817 828 875 de
844 815 915 876 lure
933 827 1084 895 servatur3

149 927 268 988 Natura
286 925 367 985 enim
384 924 413 982 in
432 923 613 1002 providendo
630 941 692 981 non
710 921 808 980 deficit
823 923 861 982 ab
878 923 1007 984 hominis
1021 946 1086 1003 pro·

149 1031 296 1093 videntia:
323 1029 393 1106 quia
418 1029 443 1088 si
466 1029 620 1100 deficeret,
642 1028 764 1086 effectus
787 1035 943 1105 superaret
964 1049 1087 1092 causam

150 1139 183 1202 in
206 1136 354 1208 bonitate,
378 1136 458 1211 quod
480 1140 525 1194 est
546 1116 735 1211 impossibile.
763 1118 822 1194 Sed
850 1122 906 1195 nos
932 1136 1086 1209 videmus,

149 1243 235 1319 quod
256 1241 288 1300 in
310 1239 447 1316 Collegiis
472 1238 676 1311 instituendis,
697 1259 758 1299 non
784 1240 880 1300 solum
905 1242 978 1301 ordo
1002 1242 1119 1302 colle-⁵

147 1367 260 1426 garum
278 1347 317 1405 ad
343 1345 470 1405 invicem
493 1346 699 1406 consideratur
716 1347 754 1405 ab
775 1346 961 1420 instituente,
984 1349 1037 1408 sed
1058 1353 1088 1409 et

150 1455 280 1516 facultas
299 1455 337 1513 ad
352 1451 450 1513 officia
467 1455 648 1527 exercenda3
667 1455 746 1530 quod
765 1459 810 1512 est
824 1454 1015 1515 considerare
1031 1460 1088 1516 ter·

151 1559 270 1620 minum
289 1557 368 1617 Juris
384 1558 415 1617 in
433 1557 568 1633 collegio,
586 1559 633 1616 vel
652 1557 682 1616 in
705 1557 824 1617 ordine:
851 1577 911 1615 non
935 1555 1015 1616 enim
1035 1557 1088 1618 Jus

149 1663 328 1725 extenditur
346 1664 424 1722 ultra
441 1683 540 1740 posse.
559 1663 637 1739 Ergo
655 1665 693 1722 ab
708 1664 764 1723 hac
778 1663 962 1740 providentia
975 1664 1089 1726 Natura

150 1788 217 1830 non
233 1768 333 1828 deficit
349 1767 379 1826 in
396 1768 457 1828 suis
475 1768 628 1827 ordinatis.
653 1769 778 1845 Propter
799 1770 880 1844 quod
897 1775 991 1846 patet,
1007 1771 1088 1845 quod
1106 1781 1135 1826 10

151 1875 271 1934 Natura
293 1873 409 1933 ordinat
429 1893 479 1934 res
502 1893 571 1934 cum
592 1879 731 1950 respectu
753 1893 876 1934 suarum
898 1875 1087 1937 facultatum:

150 1979 208 2058 qui
221 1984 376 2056 respectus
395 1985 442 2038 est
455 1978 685 2038 fundamentum
699 1978 777 2038 luris
791 1977 821 2036 in
835 1978 926 2039 rebus
941 1997 959 2037 a
974 1977 1089 2040 Natura

153 2086 295 2164 positum.
311 2085 356 2143 Ex
372 2104 432 2160 quo
448 2085 598 2161 sequitur,
612 2085 691 2161 quod
707 2085 781 2144 ordo
796 2083 940 2145 naturalis
953 2083 983 2142 in
998 2084 1088 2143 rebus

151 2191 273 2266 absque
297 2189 368 2248 Jure
396 2187 509 2248 servari
534 2208 594 2248 non
621 2190 728 2266 possit,
759 2210 828 2250 cum
852 2189 1088 2268 inseparabiliter

152 2296 236 2355 luris
257 2295 490 2366 fundamentum
514 2294 608 2354 ordini
635 2297 672 2354 sit
699 2316 859 2356 annexum.
886 2297 1018 2358 Necesse
1043 2302 1089 2358 est
1107 2315 1134 2359 15
1241 2351 1246 2360 .

154 2403 259 2479 igitur,
277 2403 359 2478 quod
377 2399 519 2478 quidquid
535 2401 649 2460 Natura
667 2401 824 2474 ordinavit,
835 2403 872 2462 de
889 2403 959 2464 Jure
976 2401 1090 2463 servari

153 2509 275 2569 debeat.
298 2509 453 2568 Romanus
479 2507 606 2585 populus
635 2509 672 2568 ad
699 2508 908 2586 imperandum
934 2509 1087 2568 ordinatus

154 2614 211 2674 fuit
231 2635 250 2674 a
266 2615 394 2674 Natura:
413 2615 493 2690 quod
516 2615 558 2674 sic
579 2615 758 2674 declaratur:
772 2615 863 2673 'Sicut
878 2614 927 2674 ille
947 2614 1088 2675 deficeret

155 2722 195 2780 ab
210 2720 291 2780 Artis
307 2720 502 2798 perfectione,
520 2719 569 2798 qui
585 2720 705 2780 finalem
723 2721 852 2780 formam
864 2726 981 2780 tantum
994 2719 1088 2780 inten-

158 2826 255 2899 deret,
271 2827 370 2885 media
384 2846 455 2886 vero
472 2845 526 2903 per
541 2845 606 2902 quae
622 2826 660 2884 ad
676 2825 803 2886 formam
818 2825 1010 2904 pertingeret,
1025 2845 1087 2887 non
1107 2845 1136 2890 ro

156 2937 293 3007 curaret3
310 2933 352 2992 sic
367 2933 497 3006 Natura,
515 2933 540 2993 si
561 2933 658 2992 solam
678 2931 807 2991 formam
827 2930 1027 2990 universalem
1047 2929 1087 2989 di·

156 3039 231 3098 vina:
249 3037 451 3097 Similitudinis
466 3039 496 3098 in
514 3036 659 3096 Universo
676 3034 857 3104 intenderet,
874 3033 972 3092 media
986 3036 1088 3094 autem

156 3145 329 3223 negligeret.
344 3145 403 3205 Sed
416 3145 530 3205 Natura
540 3143 569 3202 in
582 3143 664 3202 nulla
674 3141 855 3219 perfectione
870 3138 981 3212 deficit,
993 3158 1087 3216 quum

155 3251 194 3312 sit
214 3269 290 3329 opus
309 3251 414 3310 divinae
432 3247 645 3326 Intelligentiae:
666 3265 737 3322 ergo
755 3244 853 3304 media
875 3243 974 3304 omnia
994 3243 1088 3308 inten-

155 3357 211 3432 dit,
227 3378 281 3436 per
299 3377 365 3434 quae
385 3357 423 3418 ad
440 3355 578 3417 ultimum
595 3373 657 3414 suae
673 3351 844 3412 intentionis
862 3351 1027 3412 devenitur.
1108 3363 1134 3410 25

238 3465 339 3538 Quum
354 3483 424 3540 ergo
441 3463 508 3524 linis
525 3461 649 3523 humani
666 3459 790 3523 Generis
804 3461 856 3534 sit,
873 3466 902 3519 et
917 3459 954 3519 sit
969 3455 1088 3532 aliquod
