2578 4038
472 203 558 244 ainau
577 203 731 245 sneunnus.
1016 188 1070 244 273

216 335 255 394 Et
269 335 450 407 notandum,
470 336 551 412 quod
569 337 781 412 argumentum
794 340 949 411 sumptum
967 336 1005 395 ad
1021 336 1069 397 de-

132 442 334 502 structionem
355 439 583 519 consequeutis,
604 441 673 501 licet
693 441 731 500 de
752 459 807 501 sua
828 440 925 500 forma
944 460 999 517 per
1019 442 1068 504 ali·

91 571 95 579 ·
132 568 226 626 quem
247 547 350 608 locum
375 554 486 620 teneat,
515 552 618 607 tamen
644 545 705 606 vim
726 565 813 606 suam
838 565 892 623 per
914 549 1068 608 secundnm

130 655 262 732 fipnrum
280 651 424 725 ostendit,
441 652 466 712 si
479 653 653 725 reducatur,
670 651 747 713 sicut
759 661 972 731 argumentum
986 673 1003 714 a
1016 674 1067 732 po·

133 758 243 820 sitione
263 757 470 820 antecedentis
494 777 547 835 per
565 760 704 835 primum.
729 756 892 818 Reducitur
913 757 993 820 euim
1010 757 1066 819 sie:
1087 773 1116 817 no

132 867 232 926 Omne
249 865 397 943 injustum
407 865 612 943 ,persuadetur
630 865 752 943 injuste3
767 864 904 927 Christus
924 886 986 926 non
1002 885 1067 944 per·

135 973 232 1034 suasit
246 973 372 1050 iujuste3
388 990 457 1049 ergo
475 990 536 1032 non
551 970 700 1048 persuasit
713 970 866 1047 injustum.
880 969 906 1030 A
920 968 1067 1047 positione

135 1074 342 1136 antecedentis
364 1075 419 1136 sic:
440 1075 537 1136 Omne
557 1075 702 1152 injustum
722 1078 920 1154 persuadetur
940 1077 1051 1155 injuste
1058 1102 1066 1151 ;

134 1177 275 1240 Christus
296 1178 447 1256 persuasit
469 1179 622 1255 quoddam
641 1179 801 1257 injustum
827 1202 897 1260 ergo
918 1182 1068 1261 persuasit

133 1285 255 1364 injuste.
1088 1297 1116 1340 ⁶5

513 1376 611 1439 Garun
631 1378 693 1438 XII.

349 1499 485 1550 Christum,
501 1500 637 1549 moriendo,
650 1501 844 1553 jurisdictionem

193 1573 298 1616 Romani
313 1571 411 1624 tmporit
425 1581 499 1623 supra
511 1575 589 1615 totum
603 1572 738 1614 humanum
753 1572 834 1614 Genus
849 1572 1015 1618 confirmasse.

217 1704 254 1763 Et
270 1701 294 1764 si
310 1704 481 1764 Romanum
494 1702 657 1780 Imperium
671 1702 708 1762 de
720 1703 735 1762 J
739 1721 790 1762 ure
804 1722 866 1762 nou
881 1701 949 1775 fuit,
964 1721 1068 1782 pecca-

134 1818 200 1874 tum
216 1813 291 1873 Adae
307 1812 339 1874 in
355 1812 473 1873 Christo
494 1832 556 1894 non
577 1811 631 1871 fuit
650 1811 800 1888 punitum;
821 1812 878 1872 hoc
899 1819 1000 1873 autem
1022 1820 1068 1873 est

134 1919 260 1980 salsum:
275 1939 345 1994 ergo
360 1911 623 1980 contradictorium
638 1919 717 1996 ejus,
728 1937 765 1978 ex
780 1937 840 1995 quo
855 1918 1006 1995 sequitur,
1022 1925 1068 1979 est

134 2045 251 2088 verum.
269 2027 396 2088 Falsitas
415 2026 626 2103 consequentis
647 2033 772 2104 apparet
792 2025 843 2086 sic.
866 2026 966 2099 Quum
988 2023 1068 2084 enim

134 2151 189 2208 per
206 2141 364 2210 peccatum
381 2132 454 2192 Adae
471 2151 575 2192 omnes
593 2139 765 2208 peccatores
783 2150 934 2204 essemus,
950 2130 1066 2191 dicente
1087 2151 1100 2193 5

136 2234 395 2311 Apost01028imt
414 2255 471 2310 per
490 2255 580 2295 unum
604 2237 743 2296 hominem
766 2237 800 2296 in
825 2237 901 2296 tnnc
927 2239 1066 2296 mnndum

130 2349 283 2417 pacatam
293 2342 430 2419 intrauit,
444 2349 469 2401 et
480 2361 534 2418 per
542 2350 691 2418 peceatum
704 2361 798 2419 mora;
812 2345 854 2402 nu
865 2343 898 2402 in
914 2361 1008 2401 onmes
1022 2343 1068 2408 hof

136 2449 228 2507 mines
240 2467 333 2524 mors,
347 2449 381 2506 in
394 2467 448 2525 qno
464 2467 559 2508 omnes
566 2455 770 2525 peccaverunt:
787 2447 813 2508 si
826 2449 863 2508 de
878 2446 926 2508 illo
943 2449 1066 2522 peccato

136 2573 199 2615 non
214 2554 322 2614 fuisset
339 2552 526 2613 satisfactum
542 2573 596 2630 per
616 2557 747 2612 mortem
762 2550 885 2621 Christi,
904 2549 1001 2608 adhuc
1023 2567 1066 2608 es-

137 2677 240 2722 semus
258 2659 308 2720 filii
324 2658 375 2720 irae
395 2665 516 2732 natura,
540 2665 649 2718 natura
669 2657 779 2716 scilicet
806 2655 977 2730 depravata.
1006 2653 1065 2714 Sed
1086 2666 1116 2710 to

135 2767 194 2828 hoc
203 2786 266 2828 non
281 2771 338 2840 est,
350 2787 443 2844 quum
454 2768 532 2827 dicat
542 2764 705 2845 Apostolus
717 2765 755 2824 ad
767 2759 927 2839 Ephesios,
938 2761 1066 2838 loquens

138 2875 175 2934 de
192 2875 296 2934 Patre:
315 2873 370 2944 Qut
380 2872 601 2949 prodestinum‘t
620 2887 672 2928 nos
691 2871 724 2928 in
744 2866 922 2942 adoptionem
939 2865 1067 2937 fitiorum

130 2997 189 3056 per
213 2980 313 3038 Jesnm
341 2978 504 3055 Christum,
525 2978 558 3036 in
577 2978 694 3054 Ipsum,
707 2975 862 3034 secundnm
882 2974 1067 3049 propositum

136 3083 290 3142 voluntatis
305 3101 380 3160 snoe,
395 3084 427 3141 in
443 3083 560 3141 tandem
573 3089 598 3140 et
611 3083 734 3158 plurium
753 3080 860 3158 prutina
875 3097 950 3156 snoe,
965 3081 996 3138 in
1010 3099 1067 3156 qno

134 3189 310 3266 qratificanit
329 3208 381 3249 nos
396 3191 428 3249 in
443 3189 541 3248 dilecto
561 3190 639 3248 Filio
659 3207 724 3264 sno,
746 3189 778 3246 in
797 3204 852 3264 qno
872 3185 1006 3246 habemns
1026 3205 1067 3246 re·
1092 3197 1117 3240 15

136 3295 324 3370 demptionem
331 3313 389 3370 per
401 3296 567 3372 sanquinem
579 3296 639 3368 ejus
644 3338 655 3371 ,
667 3294 863 3358 remissionem
873 3299 1066 3369 peccatorum,

133 3401 293 3459 secundnm
315 3401 430 3459 divitias
447 3401 552 3479 prctioe
578 3419 655 3476 snoe,
678 3418 742 3478 qum
764 3400 1009 3476 superabundavit
1035 3399 1067 3456 tn

136 3505 227 3566 nohis.
246 3505 346 3578 Quum
363 3503 454 3565 etiam
471 3505 621 3579 Christus,
638 3503 718 3566 inse
735 3503 921 3582 punitionem
938 3502 1066 3580 patiens,
1101 3567 1103 3571 Α

132 3613 135 3620 “
238 3610 323 3663 haurn,
337 3610 496 3666 operatoriae.
712 3611 714 3615 ’
933 3610 960 3653 18
