2556 4032
508 239 666 282 connnnrx.
1006 227 1061 284 159

91 349 189 420 gelieae
198 347 320 404 Naturae
335 348 469 404 sociatur:
484 365 536 420 per
547 348 607 404 haec
621 348 688 419 tria,
703 348 836 421 quicquid
845 349 964 421 agimus,
973 367 1060 424 apere

92 435 237 492 videmus.
256 437 314 492 Per
336 437 438 500 siffette
461 437 587 494 maniera
601 438 681 510 legge
697 439 717 492 il
736 439 836 508 Torri3
855 455 915 510 ma,
932 440 1062 497 risolute·

91 533 191 581 mente
206 542 241 580 or
255 542 375 597 seguece
390 527 437 582 del
450 527 552 597 wine,
567 527 588 584 il
600 528 740 584 Fraticelli
754 545 810 600 pur
824 528 873 583 s’e
888 545 1019 600 persuaso
1031 529 1061 585 di

94 615 183 670 doner
196 621 371 688 premettere
389 617 546 688 «spiritur
562 634 578 672 a
595 617 782 688 erepetcbili,
799 622 894 685 etc.‚n
915 632 972 671 nen
989 617 1062 672 bene

94 704 249 760 areisando
269 705 337 774 che,
354 705 384 760 in
408 705 613 762 contradizione
632 723 649 762 a
667 708 697 762 se
716 711 820 776 stesso,
839 705 898 760 indi
920 722 971 777 per
993 706 1061 762 fatto

97 793 250 848 attribuiva
273 810 291 848 a
315 793 405 850 Dante
428 794 578 850 l’erronea
602 812 617 850 e
641 795 764 850 ritiutata
779 795 987 866 opinione,clte
1002 796 1061 852 eine

95 882 263 938 un'Animc
276 883 437 938 socr’altra
449 883 481 938 in
496 883 547 938 noi
560 883 729 939 s'accencla:
747 885 911 955 Pnrg.,1v,
934 883 962 938 5.
984 883 1027 938 Ed
1045 899 1062 940 a

95 971 139 1026 eii
154 976 327 1042 soprattutto
345 971 368 1026 si
386 971 453 1026 vuol
471 972 530 1027 lare
549 971 644 1028 diritta
659 977 836 1042 avvertenza,
852 973 897 1028 ehi
914 973 1005 1044 voglia
1019 973 1063 1028 di-

96 1077 228 1116 scernere
248 1061 278 1114 la
296 1061 418 1132 genuina
432 1060 539 1116 lenione
558 1061 606 1116 del
624 1061 706 1117 Teste
724 1080 758 1118 su
777 1063 907 1134 allegato,
921 1068 998 1118 tanto
1011 1061 1062 1134 pini

96 1151 152 1206 che
165 1150 185 1204 il
196 1151 323 1205 Behmer
337 1149 506 1205 crederehbe
521 1151 545 1204 si
559 1155 670 1221 potesse
688 1151 763 1208 forse
782 1153 893 1208 ridurre
911 1169 928 1208 a
945 1157 1061 1224 questa:

99 1239 222 1296 «Homo
249 1239 410 1311 tripliciter
436 1239 535 1312 spiritu
551 1245 631 1294 actus
652 1246 707 1309 est,
731 1241 774 1296 vel
795 1241 961 1313 cepetcbili,
979 1247 1059 1298 etc.»

97 1329 143 1386 na
157 1329 349 1398 nondimeno,
364 1328 484 1384 secondo
502 1327 522 1382 il
543 1327 614 1400 prof.
631 1329 663 1383 D'
675 1329 787 1400 Ovidis,
806 1333 863 1386 cosi
881 1347 938 1387 non
958 1330 983 1386 si
1000 1330 1061 1387 rin-

96 1419 224 1474 scirebhe
241 1435 257 1472 a
272 1417 416 1489 dileguere
428 1418 456 1473 la
470 1415 603 1472 difficolti
616 1417 681 1472 dell’
691 1420 781 1474 antica
793 1419 917 1490 Volgatn

168 1508 206 1563 Se
221 1523 281 1562 non
297 1507 348 1562 che
361 1506 381 1560 il
396 1503 461 1563 Cod.
478 1504 609 1560 Vaticano
624 1505 688 1559 vien
703 1521 752 1560 ora
766 1505 797 1560 in
809 1513 910 1578 pronto
923 1509 957 1562 ad
970 1523 1062 1563 accer-

96 1597 227 1652 semidei
242 1611 326 1666 vero,
340 1594 492 1666 leggendo:
511 1593 628 1649 «Homo
645 1593 802 1665 tripliciter
819 1595 992 1664 spiritcctcs
1004 1599 1060 1660 cst,

98 1686 231 1742 videlicet
253 1685 433 1758 vepeiabilis,
448 1684 589 1740 animalis
601 1688 629 1738 et
642 1673 812 1753 rationalis,
830 1689 883 1739 etc.
895 1675 912 1738 'n
932 1683 963 1738 L'
972 1684 1062 1739 Uomo

99 1773 189 1828 dilatti
202 1789 256 1844 per
267 1779 313 1828 tre
326 1773 406 1828 modi
420 1774 553 1844 (secondo
566 1764 763 1829 tre'diiierenti
776 1772 929 1843 potenze)i
944 1775 1062 1829 anima-

97 1871 144 1934 to,
162 1863 288 1919 annuato
301 1862 331 1916 di
342 1862 403 1917 cita
417 1863 553 1933 spiritale
565 1861 724 1934 (spirituale
739 1877 755 1916 ο
768 1861 938 1932 spirituale,
952 1863 1004 1918 che
1016 1879 1062 1918 vo·

95 1953 180 2024 gliesi
195 1952 363 2023 chiamare)‚
374 1952 433 2007 cioe
443 1950 667 2023 spiritualrnente
680 1951 831 2020 vepetabilc
844 1967 896 2022 per
906 1951 933 2006 le
945 1957 1062 2024 potenza

99 2045 270 2114 regnatne,
296 2043 426 2098 animale
450 2059 466 2096 e
483 2041 633 2096 rationale
653 2057 705 2112 per
719 2041 746 2096 la
757 2047 881 2113 potenza
895 2043 1032 2098 sensitiva
1046 2059 1062 2096 e

97 2135 124 2190 la
137 2135 273 2206 capione.
287 2132 377 2186 Dante
389 2147 444 2203 pur
454 2129 561 2186 ravvise
574 2130 639 2184 nell’
649 2130 738 2185 Uomo
750 2137 794 2186 tre
807 2131 952 2205 principali
961 2137 1064 2205 poten·

98 2222 373 2294 redecepetctica,
384 2237 439 2292 per
455 2221 485 2275 lc
499 2219 741 2291 quelcsivive51a
754 2221 907 2290 sensitiva,
921 2223 1062 2278 mediante

98 2313 143 2368 cui
152 2313 178 2366 si
187 2317 281 2378 sente;
292 2326 307 2364 e
317 2308 514 2364 l'intellcttirc
523 2325 539 2363 ο
548 2308 748 2380 rapionativa,
756 2311 827 2366 onde
837 2312 957 2368 l’Anima
967 2318 1063 2368 nostra

95 2400 254 2472 partecipa
270 2399 348 2456 della
361 2399 462 2454 divina
476 2397 595 2453 Natura
609 2415 628 2452 a
639 2400 724 2472 pulsa
740 2399 771 2454 cli
785 2401 964 2473 sempiterna
979 2401 1064 2457 intel

101 2493 230 2565 lipenza:
256 2489 357 2561 Coun,
381 2504 429 2558 111,
453 2489 479 2543 2.
503 2487 538 2542 Di
560 2487 611 2543 che
631 2489 769 2560 possiamo
785 2490 908 2544 eziandio
924 2493 1062 2562 prendere

100 2581 195 2636 sicura
221 2597 323 2636 norma
345 2596 363 2634 a
382 2576 528 2648 viemeglio
550 2578 702 2632 emendare
720 2579 748 2632 la
769 2579 859 2633 forma
876 2578 949 2632 delle
966 2579 1063 2650 parole

100 2671 177 2744 quivi
200 2669 396 2739 susseguenti,
417 2667 520 2723 dacche
543 2667 568 2721 ci
589 2667 695 2722 ritorna
716 2667 825 2736 palese‚
847 2667 897 2720 che
918 2682 976 2720 non
994 2667 1062 2722 deve

100 2761 178 2833 persi
196 2758 379 2814 «secundnm
390 2757 466 2829 quod
476 2755 630 2826 vegetabile
640 2754 783 2827 quidest»
797 2753 858 2824 (lin.
868 2754 930 2826 37),
943 2755 993 2810 che
1005 2772 1063 2812 non

103 2850 170 2905 ende
182 2854 273 2920 punto
288 2847 333 2902 all’
343 2864 433 2920 uopo,
444 2848 467 2902 si
477 2851 637 2901 veramente
654 2844 834 2899 «securium
845 2845 921 2915 quod
930 2845 1064 2915 vegetabi-

100 2939 137 2994 lis
152 2947 233 3006 ειη»
249 2935 417 2992 riferendosi
429 2933 464 2990 ad
481 2933 640 2990 «Hortos»
655 2933 704 2990 lin.
717 2933 761 2990 37.
773 2932 814 2986 Ed
826 2938 948 3003 appunto
961 2933 1064 3004 perche

100 3029 213 3083 l'Uomo
225 3028 265 3082 ha
273 3026 301 3080 la
310 3025 365 3080 vita
374 3023 540 3096 cepetcbilc,
551 3023 650 3077 brema
662 3021 753 3077 l’tctile
763 3037 794 3090 0,
805 3021 924 3090 vegliam
935 3022 1010 3093 dire,
1021 3023 1063 3080 cie

103 3120 157 3174 che
170 3119 251 3189 giers
264 3134 281 3172 a
294 3115 504 3172 conservazione
515 3112 550 3167 ed
559 3111 774 3167 accrescimento
787 3109 816 3164 di
825 3125 886 3167 essa
898 3113 963 3168 vita.
974 3111 1064 3169 Eindi

99 3208 224 3278 imperta
243 3205 333 3260 anche
348 3204 376 3259 di
396 3203 508 3274 leggere
529 3219 542 3256 e
558 3201 722 3257 animalis»
741 3216 756 3254 e
775 3200 979 3258 «rationalis»
1000 3203 1062 3275 (lin.

101 3295 137 3352 39
150 3297 239 3368 elil),
254 3293 374 3348 essendo
393 3293 444 3348 che
468 3293 601 3361 l’Uomo,
620 3290 723 3363 perche
739 3291 754 3344 i
770 3291 912 3364 animale,
927 3292 1033 3348 ricerea
1044 3293 1065 3348 il

97 3388 234 3457 precere,
252 3384 388 3454 siccome,
403 3383 507 3455 perche
523 3383 578 3452 egli
594 3384 609 3436 e
623 3380 813 3454 rapicnerole,
829 3381 951 3436 richiede
966 3383 984 3435 l’
995 3397 1064 3436 onc-

100 3482 155 3531 stn.
171 3474 344 3529 veramente
356 3471 375 3525 l’
386 3471 476 3527 Uomo
491 3487 544 3542 per
560 3471 590 3525 la
603 3486 658 3525 suc
672 3467 782 3523 nobiltcl
797 3469 896 3524 ritiene
911 3469 940 3522 in
950 3471 980 3522 se
992 3468 1066 3550 delle

99 3570 220 3632 natura,
235 3579 295 3619 non
309 3563 360 3617 che
377 3560 450 3616 delle
462 3559 582 3630 pianta,
598 3558 672 3630 degli
691 3557 815 3614 animali
833 3575 849 3613 e
866 3557 938 3612 delle
956 3555 1064 3627 sempi-
