2590 4038
518 178 605 220 arasa
623 177 742 220 ramus.
760 241 762 244 ι
1044 163 1095 219 231

157 321 206 376 tur
224 312 396 374 secundum
414 311 519 370 illam?¹
531 309 576 368 Ex
589 327 649 385 quo
666 311 750 385 patet
767 306 848 383 quod
865 311 980 382 quanto
996 305 1095 382 justus

157 421 325 500 potentior,
342 422 425 479 tauto
442 415 473 476 in
490 415 663 494 operatione
679 433 736 475 sua
753 411 871 473 lustitia
888 411 941 471 erit
960 409 1097 489 amplior.

239 525 287 586 Ex
307 523 365 585 hac
389 522 491 599 itaque
513 519 713 582 declaratione
735 516 778 578 sic
802 521 961 593 arguatur:
980 516 1097 585 lustitia

157 628 320 706 potissima
341 631 387 688 est
407 627 438 686 in
459 627 585 699 mundo,
604 625 726 703 quando
743 625 935 685 colendissimo
953 630 982 686 et
998 634 1098 702 poten·
1118 641 1147 688 40

157 735 274 795 tissimo
289 733 427 810 subjecto
440 731 532 792 inest:
548 729 743 808 hujusmondi
760 731 843 790 solus
860 731 1022 791 Menarchus
1037 738 1096 792 est:

160 855 234 914 ergo
252 835 308 896 soli
323 836 492 896 Monarclroe
513 835 654 895 insistens
672 835 806 910 lustitia,
823 835 855 896 in
875 839 988 898 mundo
1010 837 1099 916 potis·

162 941 242 1002 sima
257 948 312 1001 est.
330 941 390 1000 lste
405 940 652 1018 prosyllogismus
667 942 757 1002 currit
775 962 829 1020 per
847 945 1011 1004 secundam
1027 943 1099 1021 figu-

160 1069 243 1124 ram,
267 1070 337 1111 cum
362 1050 520 1127 negatione
547 1051 724 1126 intrinseca3
754 1058 783 1114 et
810 1058 857 1114 est
883 1053 987 1114 similis
1014 1053 1097 1115 huic:

162 1159 263 1220 Omne
284 1159 308 1216 B
331 1163 377 1218 est
398 1157 440 1231 A,
458 1158 597 1220 solumG
620 1167 666 1221 est
683 1159 728 1235 A;
746 1180 817 1238 ergo
839 1160 976 1222 solumO
995 1165 1041 1222 est
1063 1161 1096 1222 B.
1119 1178 1150 1224 45

163 1264 253 1338 Quod
268 1267 329 1323 est:
344 1263 442 1323 Omne
456 1264 480 1321 B
495 1267 541 1323 est
556 1263 595 1336 A,
613 1265 729 1326 nullum
745 1266 890 1344 praeterG
907 1271 952 1327 est
966 1266 1010 1341 Α;
1028 1286 1098 1344 ergo

163 1369 284 1429 nullum
305 1374 415 1446 praeler
433 1368 456 1429 G
471 1375 517 1430 est
534 1368 572 1440 B,
591 1377 646 1432 etc.
668 1370 771 1432 Prima
790 1371 954 1451 propositio
972 1373 1101 1432 declara·

169 1477 252 1539 tione
268 1478 459 1556 praecedente
476 1481 610 1554 apparet.

250 1583 318 1644 Alia
339 1583 381 1644 sic
405 1582 584 1654 ostenditur,
604 1588 633 1642 et
654 1582 786 1658 primum
803 1585 952 1657 quantum
968 1582 1006 1641 ad
1023 1583 1102 1659 velle,

150 1688 278 1749 deinde
296 1695 445 1765 quantum
462 1689 500 1748 ad
511 1707 604 1764 posse.
623 1687 670 1746 Ad
688 1683 867 1746 evidentiam
888 1685 976 1764 primi
997 1695 1101 1748 notau-
1122 1701 1150 1746 50

169 1795 255 1868 dum,
275 1796 356 1872 quod
377 1792 501 1854 iustitiae
523 1792 655 1876 maxime
676 1791 874 1853 contrariatur
891 1795 1053 1872 cupiditas,
1069 1801 1102 1855 ul

167 1900 265 1960 innuit
291 1899 469 1960 Aristoteles
494 1899 525 1958 in
546 1900 645 1976 quinto
667 1897 705 1956 ad
727 1895 954 1957 Nicomachum.
976 1897 1105 1958 Remota

169 2007 332 2086 cupiditate
346 2004 483 2076 omnino,
499 2003 572 2063 nihil
585 2001 710 2062 iustitiae
724 2009 819 2063 restat
833 2004 1010 2079 adversum
1025 2006 1106 2067 unde

170 2113 330 2175 sententia·
345 2111 513 2188 Philosophi
540 2116 602 2184 est,
632 2115 698 2170 «ut
724 2129 791 2187 quae
817 2110 884 2186 lege
912 2111 1104 2171 determinari

170 2221 311 2294 possunt,
329 2217 411 2275 nullo
426 2215 516 2274 modo
525 2214 616 2292 judici
630 2217 845 2294 relinquantur.
864 2239 878 2272 >
895 2218 932 2278 Et
949 2220 1006 2281 hoc
1020 2226 1104 2282 metu
1124 2233 1152 2278 55

172 2319 341 2400 cupiditatis
358 2319 423 2380 lieri
446 2325 574 2396 oportet,
593 2321 630 2381 de
647 2321 725 2382 facili
744 2329 862 2384 mentes
880 2324 1104 2396 hominumde·

171 2425 349 2504 torquentis.
375 2426 432 2486 Ubi
453 2445 524 2503 ergo
547 2446 608 2487 uon
632 2435 678 2489 est
699 2431 780 2505 quod
800 2431 895 2508 possit
921 2433 1030 2510 optari,
1053 2431 1105 2493 irn-

172 2531 315 2612 possibile
332 2538 378 2592 est
393 2529 434 2591 ibi
447 2530 638 2608 cupiditatem
654 2553 736 2608 esse3
754 2536 914 2596 destructis
932 2537 1012 2596 enim
1026 2538 1106 2614 obje-

174 2636 244 2712 etis,
265 2636 421 2714 passiones
443 2654 510 2696 esse
535 2655 596 2696 non
621 2642 757 2712 possunt.
780 2638 839 2697 Sed
861 2639 1023 2698 Monurehu
1044 2660 1105 2700 non

173 2742 266 2802 habet
284 2742 364 2818 quod
379 2741 474 2818 possit
497 2747 615 2820 optare:
636 2761 691 2801 sua
708 2761 840 2818 namque
859 2743 1024 2821 jurisdictio
1047 2750 1104 2806 ter·
1124 2751 1154 2796 6⁰

174 2848 307 2910 mnatur
320 2849 440 2909 Oceano
459 2849 569 2922 solum;
588 2848 669 2924 quod
685 2866 745 2907 nou
761 2847 903 2922 contingit
919 2849 1105 2927 Principibus

175 2955 254 3031 aliis,
271 2974 401 3032 quorum
417 2952 600 3032 principatus
615 2955 652 3014 ad
665 2954 738 3015 alios
758 2953 971 3027 terminantur3
985 2962 1018 3014 ut
1032 2959 1106 3032 puta

176 3063 265 3140 Regis
292 3063 477 3138 Aragonum.
507 3061 551 3122 Ex
578 3081 636 3139 quo
664 3059 813 3137 sequitur,
837 3061 917 3138 quod
944 3061 1106 3122 Monorehu

176 3167 413 3234 sincerissimum
427 3168 503 3228 inter
516 3166 659 3226 mortales
675 3162 799 3224 iustitiae
815 3163 910 3241 possit
927 3183 994 3224 esse
1009 3164 1106 3242 subje-

176 3287 265 3342 ctum.
291 3279 452 3348 Praeterea,
475 3273 731 3350 quemadmodum
752 3269 897 3348 cupiditas
920 3269 1105 3332 habitualem
1125 3274 1153 3322 6⁵

174 3383 325 3446 iustitiam
336 3379 576 3459 quodammodo,
594 3381 870 3454 quantumcumque
888 3393 997 3456 pauca,
1013 3375 1107 3435 obnu-

173 3491 262 3552 bilat:
281 3488 323 3550 sic
340 3489 492 3566 Charitas,
510 3505 563 3548 seu
580 3491 662 3546 recta
679 3483 808 3558 dilecti0,
822 3483 905 3545 illam
923 3483 1001 3544 acuit
1016 3487 1107 3560 atque
