2578 4038
462 197 548 238 sinen
566 197 697 240 rnnrrus.
993 187 1048 246 305

99 345 189 386 nunc
204 333 299 388 cutem
313 307 443 407 Ropoum
455 349 549 391 meum
565 350 623 392 ooo
636 337 677 393 eet
689 330 744 392 lio.
763 330 849 404 Quod
864 350 925 394 non
939 332 982 396 sic
999 334 1042 396 in·

98 431 380 510 telligendumest,
398 434 475 496 acsi
492 434 643 509 Christus,
665 434 716 514 qui
738 435 819 498 Deus
840 441 899 510 est,
921 457 983 500 non
1004 440 1044 503 sit

95 537 247 600 dominus
267 538 365 618 Regni
382 541 487 621 hujus,
510 563 580 606 cum
599 546 761 608 Psalmista
781 545 875 610 dicat:
899 550 1041 623 Quoniam
1059 576 1086 620 25

100 643 208 720 spritu
227 649 269 705 est
287 665 380 725 more,
401 655 426 708 et
445 647 512 727 Ipec
529 651 597 726 fecit
612 655 701 730 illud,
720 662 747 715 et
765 655 886 716 aridem
903 656 1041 731 fundum·

99 753 181 805 runt
192 765 298 807 monus
307 751 389 824 ejus,·
402 749 456 811 sed
470 748 553 828 quia,
563 754 596 811 ut
608 752 769 829 Euonptur
778 751 931 824 Ecclesiae,
946 750 1042 828 Regni

98 847 200 925 hujus
226 867 331 912 euram
358 870 419 913 non
442 852 583 918 habebat.
607 853 695 918 Velut
715 855 739 916 si
760 875 886 920 aureum
911 857 1040 935 sigillum

99 954 284 1032 loqueretur
301 957 339 1018 de
359 976 392 1019 se
414 957 529 1021 dicens:
557 962 625 1022 Non
645 981 711 1024 cum
733 965 924 1026 neocoratu
944 966 1041 1046 aliquo

97 1079 224 1139 penore:
237 1061 319 1139 quod
332 1062 455 1139 quidem
468 1063 580 1126 dictum
593 1086 656 1129 non
668 1068 761 1132 hebet
772 1071 885 1145 locum,
900 1071 931 1134 ln
945 1091 1037 1150 quan·
1057 1089 1085 1135 no

103 1172 175 1231 tum
188 1172 236 1230 est
250 1187 370 1242 eurum,
386 1171 506 1232 comsit
520 1177 652 1234 metrum
665 1172 696 1236 in
709 1194 819 1252 genere
829 1177 1036 1251 metallorum,

102 1277 162 1338 sed
187 1276 219 1338 in
246 1281 394 1354 quantum
415 1283 460 1340 est
480 1281 634 1356 quoddam
654 1281 772 1359 signum
792 1284 963 1362 receptibile
984 1303 1038 1362 per

101 1379 349 1460 impressionem.
371 1381 510 1444 Formele
534 1382 622 1460 igitur
642 1390 689 1446 est
707 1388 839 1448 Εσσῑεεὶω
861 1388 935 1450 illud
955 1388 1038 1450 idem

103 1487 222 1562 dicere,
240 1487 312 1550 illud
327 1489 408 1552 idem
425 1489 543 1552 sentire.
561 1491 741 1570 Oppositum
758 1498 860 1556 autem
874 1495 974 1556 dicere
989 1496 1037 1556 vel

102 1592 233 1666 sentire,
245 1594 429 1655 contrarium
439 1591 567 1670 Formoe,
576 1599 611 1658 ut
621 1599 716 1671 patet,
730 1593 792 1656 sive
806 1597 943 1676 Nature,
956 1601 1036 1676 quod
1058 1618 1084 1663 55

100 1698 189 1761 idem
209 1704 265 1760 est.
286 1697 332 1759 Ex
356 1717 416 1776 quo
441 1697 586 1775 colligitur
604 1697 689 1774 quod
714 1695 808 1758 virtus
834 1698 1038 1762 auctorizandi

102 1804 249 1884 Regnum
261 1805 334 1878 hoc,
343 1804 382 1866 sit
396 1811 501 1866 contra
514 1807 657 1864 naturam
669 1803 809 1863 Eootceic.
829 1801 1036 1866 Contrarietae

103 1911 242 1972 enimin
268 1909 407 1998 opinione
426 1913 473 1972 vel
493 1911 572 1973 dicto
601 1909 736 1987 sequitur
762 1928 799 1972 ex
825 1911 1035 1972 contrarietate

103 2033 174 2094 quee
197 2017 289 2078 estin
305 2037 338 2079 re
355 2017 435 2080 dicte
450 2018 498 2078 vel
515 2016 649 2095 opinate:
666 2017 743 2078 sicut
758 2035 863 2078 verum
878 2019 907 2078 et
921 2015 1034 2077 falsum

103 2121 144 2182 ab
171 2137 241 2180 esse
262 2119 318 2193 rei,
345 2122 393 2182 vel
415 2141 476 2182 non
494 2140 576 2197 esse,
599 2121 631 2184 in
655 2123 789 2187 oratione
816 2130 975 2198 causatur,
1002 2129 1035 2185 ut
1054 2133 1084 2180 40

103 2228 244 2290 doctrina
261 2229 551 2290 Praedtcomcntooum
565 2247 621 2291 nos
636 2231 733 2293 docet.
745 2229 934 2293 sufficienter
947 2230 1036 2309 igitur

103 2354 160 2412 per
180 2339 361 2412 argumenta
380 2335 549 2414 superiore,
579 2336 715 2396 ducendo
742 2337 781 2396 ad
807 2333 1032 2406 inconveniens,
1078 2347 1080 2352 ’

102 2441 269 2519 probatum
286 2444 333 2503 est
349 2440 569 2504 Auctoritatem
582 2442 705 2520 Imperii
719 2441 757 2502 ab
774 2443 903 2502 Ecclesia
920 2443 1036 2502 minimo
1102 2471 1106 2478 ·

105 2547 288 2624 dependere.

478 2797 577 2863 Corne
597 2797 658 2860 XV.

226 2984 401 3029 Auctoritatem
414 2983 513 3040 tmperu
526 2985 665 3030 immediate
678 2983 814 3038 dependere
827 2996 842 3030 e
855 2985 911 3030 neo.

184 3198 268 3260 Licet
283 3199 315 3259 in
332 3194 513 3275 precedenti
528 3195 679 3274 capitulo,
697 3197 834 3261 ducendo
848 3196 886 3258 ed
899 3197 1035 3264 inconve-

102 3305 204 3378 niens,
223 3307 382 3366 ostensum
403 3302 452 3377 sit,
475 3302 693 3366 Auctoritatem
709 3298 829 3380 Imperii
844 3304 882 3365 ab
900 3302 1035 3365 Auctori-

102 3411 166 3469 tate
183 3407 303 3469 Summi
318 3407 468 3484 Pontifiete
484 3429 546 3472 non
563 3409 693 3482 causari3
709 3428 771 3470 non
787 3418 891 3472 tamen
911 3406 1034 3470 omnino

101 3517 266 3594 probatum
284 3518 342 3589 est,
362 3514 460 3595 ipsam
475 3515 647 3578 immediate
662 3516 832 3595 dependere
849 3533 867 3575 a
883 3513 959 3588 Dec,
978 3515 1035 3576 nisi

211 3620 302 3674 ltrrrr,
320 3620 389 3676 Opere
404 3621 480 3666 lottoc.
866 3617 893 3661 ²0
