2578 4038
222 166 276 223 292
470 189 474 198 ·
571 178 609 220 ns
627 177 805 219 nouercam.

223 312 323 374 uobis?
336 311 377 371 At
393 313 437 370 illi
450 313 605 370 diueruut:
621 308 713 368 Ntuu.
729 306 816 365 Dieu
832 323 896 378 erpo
913 303 974 361 eis:
988 300 1049 374 Sed
1058 319 1136 362 nuuc
1140 347 1153 378 ,

220 417 270 494 qui
285 415 366 474 hebet
380 415 538 490 succulum,
560 413 639 472 tollet
654 413 785 472 similiter
804 417 830 470 et
840 429 962 487 percm;
982 417 1008 469 et
1024 412 1078 488 pui
1094 430 1154 470 uou

222 519 319 594 iubet,
339 520 440 577 vendut
459 520 598 591 tuuicum,
617 524 644 576 et
668 523 741 576 eruut
765 518 904 594 pludiuru.
931 517 965 576 ln
993 537 1053 594 quo
1082 519 1157 579 satis

174 639 203 683 50
221 632 324 705 aperte
350 625 472 686 intentio
498 623 607 685 Christi
629 623 856 696 manifestatur;
874 643 935 684 non
963 623 1044 684 enim
1065 625 1153 686 dixit:

221 735 336 795 Ematis
356 734 403 794 vel
419 731 554 792 habeatis
576 734 648 790 duos
671 731 804 806 Gladios,
820 733 880 790 imo
897 731 1059 808 duodecim,
1082 750 1152 791 cum

223 845 262 904 ad
271 843 429 906 duodecim
441 841 606 919 Discipulos
621 841 807 917 loqueretur:
821 841 877 914 Qui
885 859 941 900 uou
953 841 1049 918 tabet,
1060 851 1154 918 eruut,·

222 955 255 1010 ut
269 951 391 1028 quilibet
403 951 529 1011 haberet
542 970 645 1010 unum.
656 950 692 1010 Et
706 951 762 1010 hoc
776 949 865 1009 etiam
881 949 1014 1021 dicebat,
1024 969 1152 1026 praemo·

221 1076 296 1117 nens
318 1075 371 1117 eos
392 1057 429 1116 de
450 1074 592 1133 pressura
612 1055 724 1128 lutura,
748 1059 778 1114 et
798 1057 941 1132 despectu
960 1055 1062 1117 tuturo
1081 1075 1163 1132 erga,
1220 1065 1236 1132 t

173 1175 199 1218 35
221 1177 284 1229 ece,
302 1158 387 1234 quasi
400 1158 523 1218 diceret:
540 1159 687 1236 Quousque
698 1159 748 1234 fui
761 1160 914 1238 uobiscum,
927 1163 1031 1240 recepti
1044 1164 1153 1224 eratis:

221 1284 298 1326 uuuc
309 1274 403 1332 autem
414 1265 605 1342 fupubiuu'ui,
615 1268 691 1336 uude
703 1273 811 1342 oportet
825 1286 873 1326 uos
883 1285 1063 1344 proepurure
1076 1269 1155 1328 vobis

221 1375 306 1434 etium
321 1392 353 1433 eu
368 1392 431 1451 quoe
446 1374 505 1432 iuue
516 1371 656 1448 prohibui
671 1371 763 1446 uobis,
770 1377 893 1446 propter·
911 1369 1046 1444 futuroru
1062 1390 1153 1432 ueces-

218 1479 338 1538 situtem.
356 1478 460 1554 ltaque
477 1475 502 1538 si
519 1473 676 1554 responsio
697 1474 777 1534 Petri
798 1474 878 1534 facta
899 1474 1022 1534 adhaec
1043 1475 1152 1537 fuisset

219 1581 276 1641 sub
293 1579 455 1641 intentione
472 1581 521 1640 illa
529 1591 542 1653 ,'
552 1581 616 1658 jam
636 1600 698 1640 non
718 1580 824 1642 fuisset
843 1582 881 1642 ad
905 1601 973 1642 eam
995 1602 1063 1660 quae
1087 1589 1152 1644 erat

171 1697 200 1742 40
220 1689 342 1762 Christi3
361 1690 397 1750 de
416 1710 475 1767 quo
492 1688 628 1750 Christus
645 1687 744 1765 ipsum
760 1687 959 1766 increpasset,
978 1687 1056 1748 sicut
1077 1691 1152 1751 mul·

218 1793 306 1854 toties
320 1793 479 1872 increpuit,
494 1813 564 1854 cum
583 1792 676 1852 inscie
698 1791 860 1870 respondit.
878 1793 942 1852 Hoc
964 1798 1068 1854 autem
1088 1815 1149 1856 non

217 1898 299 1972 fecit,
323 1901 377 1960 sed
398 1897 556 1976 acquievit,
578 1898 694 1958 dicens:
722 1897 801 1956 Satis
822 1899 992 1974 est,·'quasi
1018 1899 1148 1961 diceret:

213 2006 338 2082 Propter
353 2008 544 2066 necessitatem
559 2007 622 2063 dico
629 2047 640 2079 ,
657 2006 708 2064 sed
723 2006 751 2064 si
766 2005 883 2082 quilibet
902 2005 1004 2064 tubere
1024 2025 1084 2067 uou
1097 2027 1153 2086 po-

217 2117 281 2186 test,
299 2112 355 2169 duo
370 2109 502 2184 sufficere
511 2115 643 2185 possuut.

169 2232 197 2278 45
298 2215 335 2274 Et
346 2217 426 2292 quod
436 2215 541 2275 Petrus
552 2215 589 2274 de
602 2233 687 2275 more
701 2217 740 2276 ad
753 2217 944 2295 superficiem
956 2218 1147 2295 loqueretur,

216 2320 324 2400 probat
346 2321 409 2398 ejus
430 2320 538 2382 festina
559 2325 589 2382 et
610 2319 858 2400 impraemeditata
878 2327 1088 2404 presumptio:
1110 2329 1149 2389 ad

217 2446 309 2504 quam
335 2446 396 2487 non
421 2427 519 2486 solum
539 2425 608 2487 fidei
629 2425 784 2488 sinceritas
810 2428 996 2507 impellebat,
1019 2433 1088 2506 sed,
1115 2438 1150 2494 ut

217 2540 320 2612 cred0,
337 2538 452 2618 puritas
469 2546 499 2600 et
515 2537 686 2617 simplicitas
703 2540 856 2602 naturalis.
872 2541 958 2602 Hanc
972 2562 1060 2604 suam
1074 2563 1149 2622 prm

218 2645 419 2722 sumptionem
446 2643 557 2706 Scribae
584 2643 695 2706 Christi
722 2651 871 2708 testantur
896 2666 1011 2708 omnes
1037 2648 1147 2710 Scribit

170 2763 198 2809 50
218 2751 506 2823 autem'Metthaeus
524 2753 692 2828 quodcum
712 2751 799 2812 lesus
820 2751 1034 2829 interrogasset
1055 2753 1148 2816 Disci-

217 2858 316 2935 pulos:
329 2857 415 2929 Quem
428 2876 485 2916 esse
498 2877 540 2916 uu
554 2858 670 2917 dicitis?
680 2858 804 2917 Petrum
818 2864 889 2918 ante
903 2877 1008 2918 omnes
1024 2877 1149 2938 respon-

218 2963 310 3024 disse:
329 2965 373 3023 Tu
388 2983 417 3022 es
435 2958 570 3022 Christus
582 2964 661 3037 filius
675 2965 732 3023 Dei
744 2965 807 3024 viui.
823 2963 930 3025 Scribit
945 2965 1050 3040 etiam,
1065 2969 1147 3044 quod

217 3067 367 3142 Christus,
379 3087 449 3128 cum
465 3067 576 3128 diceret
589 3065 755 3145 Discipulis:
774 3070 850 3142 Quia
863 3073 1007 3148 oportebat
1023 3092 1089 3133 eum
1103 3075 1150 3133 ire
1278 3075 1279 3098 ¹

218 3175 250 3233 iu
266 3175 460 3253 Hjerusulem,
474 3183 499 3235 et
514 3177 605 3236 multu
611 3178 679 3252 pati
685 3221 696 3254 ,
710 3177 877 3255 adsumpsit
891 3197 962 3240 eum
977 3180 1102 3254 Petrus,
1118 3185 1149 3240 et
1278 3121 1279 3206 i

171 3295 197 3340 us
217 3280 305 3357 coepit
320 3281 474 3359 increpare
492 3302 574 3357 eum,
594 3283 709 3344 dicens:
728 3281 810 3346 Absit
829 3287 882 3346 hoc
905 3307 924 3347 u
946 3295 986 3363 te,
1011 3289 1149 3366 Domine,

217 3407 274 3446 uou
293 3391 347 3448 erit
367 3390 494 3449 tibiura.
512 3389 559 3450 Ad
577 3391 835 3468 quemchristus,
854 3412 924 3455 eum
944 3394 1146 3471 redarguens,

217 3512 380 3556 conversus
401 3494 489 3556 dixit:
517 3497 596 3556 Vade
612 3506 681 3573 post
706 3518 763 3574 me,
784 3500 904 3562 Sutuuu.
926 3501 1002 3562 ltem
1022 3501 1147 3576 scribit,

1278 3819 1279 3854 l

1278 3857 1279 3888 l
