2590 4038
215 239 270 297 254
327 252 329 256 ·
563 254 601 296 na
619 253 798 298 nouandum.

218 380 423 444 indubitabilis
438 388 502 444 tam
518 382 549 444 in
565 383 694 464 Goilepiis
711 404 802 466 quam
818 385 848 446 in
864 387 1063 466 sinpnloribns
1080 407 1146 467 per·

219 487 300 550 sonis
316 489 520 552 ostendantur.

298 596 342 658 Dc
359 598 487 676 Collepiis
511 597 645 676 quidem,
664 597 772 675 quibus
795 599 932 662 homines
955 601 994 661 ad
1016 598 1144 679 Rempu·

219 698 329 760 blicam
349 700 572 778 quodammodo
593 701 707 781 religati
724 723 791 764 esse
806 705 877 767 Jure
895 708 1017 781 debent,
1032 705 1147 770 suffieit

168 815 199 862 40
217 805 267 866 iiia
294 806 358 866 sola
379 805 532 868 Ciceronis
556 808 717 870 auctoritas
744 810 775 874 in
799 815 922 882 secundo
950 814 987 874 de
1010 814 1143 889 Officiis:

222 934 237 966 ι
256 913 412 990 Quamdiu,
430 913 539 990 inquii,
557 916 717 993 Imperium
731 919 905 996 Republica
920 921 1060 996 benefieiis
1075 912 1146 980 tense

218 1023 318 1100 imur,
343 1041 401 1082 non
426 1024 563 1102 injuriis,
587 1026 658 1086 belia
684 1034 735 1086 ent
748 1047 807 1104 pro
826 1029 910 1088 sociis
929 1035 981 1088 ont
1000 1047 1059 1106 pro
1088 1025 1146 1086 Im·

212 1129 299 1206 perio
321 1127 510 1206 perdantur:
529 1132 624 1192 cetina
648 1140 732 1193 neni
756 1136 891 1196 bellorum
909 1145 961 1197 ant
980 1138 1077 1214 mites,
1095 1143 1149 1196 ant

216 1235 384 1294 necessarii:
405 1236 529 1314 Repnm,
540 1239 731 1319 populorum,
746 1249 772 1302 et
788 1245 936 1304 namnum
950 1250 1057 1321 portus
1081 1249 1147 1302 eret

171 1351 200 1395 4⁵
218 1346 244 1400 et
258 1340 419 1419 resupinam,
433 1341 564 1403 Senatus.
580 1345 684 1405 Nostri
703 1355 796 1407 antem
819 1356 845 1409 et
864 1349 1069 1428 Mopietretns,
1085 1347 1145 1407 Im·

212 1454 414 1524 peratoresqne
429 1450 462 1508 in
477 1468 510 1509 en
527 1469 560 1510 re
575 1451 701 1511 monime
717 1453 830 1513 tandem
844 1474 945 1532 capere
959 1455 1147 1531 studuerunt,

216 1557 244 1615 si
252 1557 434 1635 provinciae,
450 1559 477 1617 si
492 1559 599 1638 socios,
615 1562 748 1638 equitate
763 1568 789 1622 et
802 1563 860 1636 fide
876 1563 1074 1638 defendissent.
1091 1561 1146 1621 Ita·

219 1681 277 1740 que
297 1665 372 1724 itlnd
392 1664 593 1726 Patrocinium
611 1667 698 1752 Orbis
714 1673 860 1727 terrorum
873 1669 974 1744 potine
989 1685 1076 1746 qnam
1090 1664 1147 1726 Irn-

216 1770 335 1849 perium
349 1779 461 1849 poteret
475 1775 630 1835 immineri.
650 1797 665 1828 >
681 1776 753 1836 Haec
769 1776 883 1837 Cicero.

167 1898 199 1945 oo
297 1881 341 1942 De
362 1880 499 1960 personis
516 1887 619 1944 autem
633 1883 832 1961 sinpntcribns
847 1879 1058 1960 compendiose
1079 1897 1146 1958 pro·

217 1990 341 2068 gradiar.
360 1989 512 2067 Numquid
532 2007 594 2049 non
614 1988 728 2048 bonum
749 2004 909 2047 commune
923 1982 1088 2044 intendisse
1105 1982 1146 2043 di·

218 2101 302 2161 cendi
319 2104 401 2173 sunt,
420 2098 471 2176 qui
488 2098 611 2170 sudore,
629 2095 679 2172 qui
697 2075 886 2174 paupertate,
905 2090 956 2170 qui
975 2089 1075 2164 exilio,
1092 2087 1145 2166 qui

217 2207 346 2269 tiliorum
362 2205 531 2279 orbatione,
546 2203 598 2282 qui
613 2202 775 2265 amissione
792 2202 1011 2272 membrorum,
1027 2196 1077 2274 qui
1091 2196 1144 2257 de·

216 2314 306 2392 nique
323 2311 494 2374 animarum
511 2310 660 2372 oblatione
674 2311 788 2371 bonum
803 2306 956 2386 publicum
971 2321 1081 2382 augere
1098 2321 1147 2365 co

167 2430 201 2475 oo.
216 2419 279 2482 nati
295 2423 385 2480 sunt?

296 2523 404 2584 Nonne
414 2521 607 2584 Cincinnatus
617 2522 665 2582 ille
675 2527 815 2582 sanctum
824 2519 910 2582 nobis
919 2519 1037 2598 reliquit
1044 2537 1146 2580 exem·

217 2629 301 2708 plum
310 2629 402 2690 iibere
413 2627 581 2708 deponendi
597 2629 770 2708 dignitatem
782 2629 813 2690 in
826 2629 967 2703 termino,
985 2647 1079 2706 quum
1095 2629 1146 2688 ad·

219 2742 357 2813 sumptus
372 2735 410 2796 ab
425 2740 526 2798 aratro
541 2735 674 2798 Dictator
688 2736 783 2798 iactus
798 2743 856 2812 est,
871 2743 905 2797 ut
919 2735 1016 2797 Livius
1033 2733 1145 2796 refert?

218 2841 255 2901 ut
279 2849 348 2920 post
372 2840 539 2916 victoriam,
560 2849 629 2920 post
652 2841 851 2921 triumphum,
879 2847 996 2921 sceptro
1018 2839 1146 2919 impera·

167 2963 199 3010 co
217 2948 293 3011 torio
307 2949 444 3012 restituto
459 2950 655 3025 Consulibus,
673 2949 834 3012 sudaturus
848 2955 917 3029 post
931 2951 1023 3010 boves
1041 2949 1080 3008 ad
1094 2946 1144 3008 sti·

218 3077 289 3118 vam
304 3056 397 3118 libere
411 3075 552 3118 reversus
566 3059 631 3116 est?
648 3052 762 3133 Quippe
775 3053 806 3113 in
821 3053 886 3131 ejus
903 3052 1023 3114 laudem
1037 3050 1143 3112 Cicero

219 3165 323 3219 contra
343 3159 518 3237 Epicurum,
534 3157 616 3220 iniis
638 3177 704 3236 quae
721 3160 755 3218 de
771 3159 844 3218 Fine
862 3159 1012 3236 bonoram,
1029 3157 1143 3238 discep-

218 3270 299 3336 tans,
317 3263 406 3342 hujus
422 3264 558 3326 beneficii
574 3283 691 3326 memor
707 3263 774 3326 fuit:
788 3265 901 3344 Itaque,
917 3264 1025 3344 inquit,
1043 3272 1068 3325 et
1083 3286 1143 3326 me

210 3373 293 3448 jaree
311 3373 405 3432 nostri
422 3373 458 3433 ab
477 3379 579 3433 aratro
599 3375 744 3433 duxerunt
764 3372 967 3434 Cincinnatum
986 3373 1084 3447 iilum,
1110 3379 1145 3433 nt

168 3496 196 3539 oo
217 3479 349 3539 Dictator
363 3484 440 3538 esset.

298 3580 401 3644 Nonne
423 3581 576 3643 Fabricius
599 3583 727 3644 alterurn
751 3581 837 3643 nobis
861 3583 942 3644 dedit
967 3581 1142 3660 exemplum
