2578 4038
481 167 567 206 crosa
585 167 715 212 rannus,
1006 159 1060 216 303

116 297 208 358 Nam
224 295 249 357 si
264 317 283 358 a
300 297 361 358 Deo
378 299 551 376 recepisset,
569 300 628 362 hoc
643 301 749 364 fuisset
765 309 817 364 aut
827 325 885 382 per·
897 307 997 384 Lepem
1011 309 1054 368 di·

115 407 239 477 cinam,
255 408 307 465 aut
315 424 373 481 per
386 406 566 480 naturalem
583 407 652 484 quia
666 409 746 485 quod
755 428 773 468 a
783 408 896 476 Natura
904 409 1053 490 recipitur,
1074 418 1104 462 ¹⁰

116 533 138 574 a
163 513 231 574 Deo
252 511 404 590 recipitur,
426 533 487 573 non
508 519 610 574 tamen
631 533 818 576 econverso.
840 515 900 577 Sed
921 537 982 578 nou
999 539 1052 596 per

115 617 305 677 naturalem:
326 616 395 693 quia
416 616 532 676 Natura
554 635 615 676 uon
639 617 765 696 imponit
785 620 896 696 legem,
914 623 971 683 nisi
992 624 1054 684 suis

117 719 299 780 effectibus:
318 739 412 796 quum
425 721 505 782 Deus
522 722 703 786 insufficiens
718 745 861 789 essenon
876 731 984 807 possit,
1004 733 1055 792 ubi

118 825 191 888 sine
209 823 351 885 secundis
367 827 523 901 agentibus
541 829 651 907 aliquid
667 831 697 892 in
715 853 782 894 esse
799 837 944 913 producit.
967 838 1053 900 Unde

118 952 197 994 cum
214 931 348 993 Ecclesia
366 953 427 993 non
442 934 479 994 sit
493 935 616 996 effectus
630 937 763 1012 Naturae,
782 941 835 1001 sed
848 941 902 1001 Dei
916 942 1054 1004 dicentis:
1075 953 1103 998 1⁵

118 1042 222 1118 Super
235 1042 311 1099 lmuc
325 1042 441 1101 Petrum
457 1044 603 1117 edificabo
620 1049 776 1109 Ecclesium
791 1070 881 1111 meum
889 1073 901 1126 ,·
920 1059 948 1114 et
965 1051 1051 1114 alibi:

121 1153 208 1229 Opus
224 1153 430 1230 consummaui,
443 1154 520 1230 quod
532 1155 718 1215 dediscimus·
730 1162 762 1215 ut
774 1156 915 1231 facerem:
931 1159 1054 1220 manile·

118 1263 208 1318 stum
230 1261 290 1330 est,
316 1257 397 1334 quod
417 1257 451 1318 Ei
470 1257 584 1318 Natura
604 1260 702 1338 legem
721 1280 783 1322 non
804 1262 895 1324 dedit.
916 1263 976 1324 Sed
996 1282 1052 1325 uec

115 1387 176 1443 per
196 1368 344 1426 dianam:
362 1367 458 1428 omnis
479 1387 610 1445 namque
627 1368 724 1430 divina
740 1371 803 1430 Lex
818 1373 941 1431 duorrun
960 1374 1053 1433 Testo-

119 1479 287 1532 mentorum
297 1471 410 1547 gremio
425 1473 605 1534 continetur:
622 1474 652 1534 in
671 1495 729 1551 quo
745 1476 865 1552 quidem
879 1478 991 1553 gremio
1008 1499 1052 1539 re·
1073 1487 1102 1533 ao

120 1582 223 1661 perire
252 1602 314 1642 non
340 1583 479 1660 possum,
503 1582 713 1660 temporalium
740 1581 965 1642 sollicitudinem
990 1583 1052 1642 sive

123 1707 232 1748 curam
249 1685 421 1748 Sacerdotio
441 1686 537 1764 primo
559 1687 606 1746 vel
626 1686 788 1747 novissimo
810 1689 1052 1750 commendatam

121 1793 227 1854 fuisse.
252 1793 390 1867 Quinimo
410 1793 543 1868 invenio,
567 1793 744 1853 Sacerdotes
765 1790 877 1869 primos
894 1793 932 1851 ab
948 1793 999 1852 illa
1015 1794 1052 1854 de

121 1906 275 1978 praecepto
291 1908 438 1973 remotos,
453 1907 486 1962 ut
502 1905 585 1978 patet
602 1919 655 1977 per
671 1918 707 1960 ea
725 1918 791 1976 quae
812 1899 892 1958 Deus
913 1898 951 1957 ad
972 1899 1051 1977 Moy·

121 2028 196 2068 sen:
216 2015 246 2068 et
263 2007 441 2068 Sacerdotes
456 2006 648 2080 novissimos
663 2025 716 2085 per
730 2025 766 2068 ea
781 2025 847 2084 quae
862 2005 998 2066 Christus
1013 2007 1052 2067 ad
1072 2017 1099 2060 2⁵

121 2113 302 2192 Discipulos.
321 2115 419 2188 Quam
433 2113 554 2190 quidem
565 2114 602 2174 ab
615 2113 657 2174 eis
669 2133 736 2176 esse
747 2118 896 2175 remotam
910 2111 1051 2189 possibile

121 2238 186 2279 non
198 2222 292 2291 esset,
311 2217 335 2292 si
351 2218 511 2294 Repc'miuis
523 2221 686 2298 temporalis
699 2220 867 2282 Auctoritas
883 2240 901 2280 a
913 2221 1050 2282 Sacerdo-

120 2325 161 2384 tio
171 2323 362 2384 demanaret:
375 2341 481 2400 quum,
494 2325 601 2383 saltem
611 2324 641 2383 in
653 2325 873 2400 auctorizando‚
884 2327 1050 2389 sollicitudo

121 2429 301 2508 provisionis
317 2429 454 2504 instaret,
474 2438 504 2491 et
521 2431 627 2492 deinde
644 2433 760 2493 cautela
775 2433 927 2506 continua,
945 2453 984 2494 ne
1000 2454 1050 2495 au-

120 2533 285 2594 ctorizatus
307 2553 325 2593 a
342 2534 460 2595 tramite
476 2535 659 2597 rectitudinis
679 2537 818 2598 deviaret.
841 2539 927 2611 Quod
948 2546 1049 2602 auteur
1068 2546 1098 2590 3⁰

121 2663 142 2703 a
161 2662 193 2703 se
211 2661 272 2702 non
288 2641 451 2720 receperit,
472 2641 510 2700 de
524 2639 602 2700 facili
618 2645 699 2717 patet
717 2640 773 2700 sic:
794 2631 872 2700 Nihil
891 2645 949 2713 est,
969 2643 1049 2718 quod

122 2751 197 2811 dare
211 2749 318 2828 possit,
334 2749 414 2825 quod
429 2745 602 2808 nonhabet.
618 2747 703 2806 Unde
716 2765 806 2806 omne
820 2766 912 2824 agens
927 2746 1046 2825 aliquid,

121 2862 194 2919 actu
208 2851 276 2917 esse
290 2856 349 2916 tale
364 2861 491 2932 oportet,
508 2853 596 2931 quale
613 2872 701 2930 agere
714 2853 851 2915 intendit:
870 2859 903 2916 ut
920 2855 1048 2916 habetur

122 2963 154 3023 in
169 2963 204 3022 iis
222 2981 288 3038 quae
306 2963 343 3023 de
356 2962 523 3037 simpliciter
539 2961 621 3022 Facta
638 2960 697 3022 Sed
711 2965 839 3033 constat,
859 2949 938 3037 quod
953 2959 978 3020 si
993 2959 1048 3020 Ec·

122 3065 214 3127 clesia
228 3065 285 3126 sibi
295 3063 375 3126 dedit
388 3065 470 3126 illam
482 3065 635 3138 virtutem,
646 3085 707 3126 non
718 3065 850 3125 habebat
859 3065 941 3125 illam
953 3063 1048 3143 prius·
1066 3067 1094 3110 ³⁵

122 3191 217 3248 quam
231 3173 315 3232 daret
333 3171 396 3233 sibi.
410 3171 447 3232 Et
461 3169 503 3232 sic
517 3171 649 3231 dedisset
663 3170 718 3232 sibi
732 3171 812 3248 quod
825 3190 886 3230 non
900 3169 1042 3232 habebat:

123 3279 204 3355 quod
225 3283 272 3338 est
287 3277 482 3360 impossibile:
501 3277 588 3351 Quod
609 3295 677 3338 vero
695 3278 734 3337 ab
751 3276 849 3354 aliquo
870 3277 1046 3354 Imperatore

118 3403 180 3444 nou
196 3384 364 3463 receperit,
387 3403 440 3462 per
465 3403 501 3444 ea
529 3402 595 3461 quae
622 3381 758 3461 superius
784 3381 945 3443 manifesta
962 3385 1045 3455 sunt,

120 3495 203 3568 patet
228 3491 418 3554 sufficienter.
443 3492 479 3551 ut
493 3492 573 3568 quod
588 3489 678 3552 etiam
702 3493 739 3552 ab
758 3491 891 3552 adsensu
912 3489 1048 3552 omnium
