2578 4038
212 213 265 270 272
562 219 599 260 nn
618 212 795 257 nonancuut.

166 377 192 420 rt
216 356 285 435 quia
304 355 382 414 bene
407 353 491 422 data,
513 353 542 410 et
564 348 643 408 male
665 361 808 422 possessa
828 344 906 400 suut.
929 337 1007 410 Quid
1032 337 1072 395 ad
1095 354 1154 412 pa-

216 470 314 524 stores
331 460 428 518 tales?
446 454 535 528 Quid,
551 453 576 514 sl
591 449 731 543 Ecclesiae
748 445 918 508 substantia
934 441 1054 514 dillluit,
1074 443 1153 500 dum

215 567 413 648 proprietates
434 555 670 640 propinquorum
694 573 820 616 suorum
843 553 1067 628 exaugeantur?
1087 547 1152 607 Sed

215 676 317 735 forsan
335 672 442 732 melius
459 674 522 741 est,
541 663 728 745 propositum
744 657 897 738 prosequi,
913 661 956 727 et,
971 654 1028 713 sub
1043 652 1091 730 pio
1113 652 1151 712 si·

214 777 319 848 lentio,
335 773 497 834 Salvatoris
514 771 608 832 nostri
625 773 785 846 expectare
801 781 990 825 succursum.

167 892 197 937 ¹20
296 883 368 942 Dico
391 899 474 958 ergo,
498 877 577 954 quod
599 859 624 934 si
645 853 817 934 Romanurn
843 869 1001 946 Imperium
1019 867 1057 924 de
1078 863 1151 922 lure

217 1012 279 1054 non
293 991 361 1062 luit,
376 987 512 1050 Christus
526 984 679 1044 nascendo
697 979 845 1060 persuasit
861 977 1022 1054 injustum:
1042 976 1071 1031 et
1082 989 1152 1030 con·

218 1117 348 1175 sequens
367 1103 413 1155 est
433 1093 557 1162 falsum3
578 1105 647 1164 ergo
666 1080 927 1145 contradictorium
944 1071 1151 1137 antecedentis

218 1207 264 1264 est
289 1220 401 1260 verum.
423 1199 557 1257 inferunt
579 1195 660 1254 enim
682 1211 715 1252 se
736 1185 966 1251 contradictoria
987 1181 1117 1240 invicem
1133 1199 1152 1238 a

218 1305 366 1368 contrario
382 1322 483 1363 sensu.

170 1424 196 1470 ‘2⁵
296 1409 473 1470 Falsitatern
486 1403 698 1482 consequentis
715 1403 753 1462 ad
775 1397 891 1458 Fideles
909 1393 1071 1455 ostendere
1088 1407 1151 1448 non

218 1521 344 1594 oportet.
366 1515 451 1573 Nam·
462 1512 486 1572 si
503 1510 611 1570 Fidelis
629 1505 694 1584 quis
713 1511 775 1577 est,
793 1504 904 1562 falsum
920 1499 978 1558 hoc
996 1515 1064 1556 esse
1082 1514 1151 1554 con·

219 1621 315 1680 cedit:
336 1625 365 1678 et
383 1620 486 1679 sinon
506 1617 653 1688 concedit,
671 1613 779 1674 Fidelis
797 1631 857 1671 non
875 1614 934 1681 est;
953 1613 982 1667 et
1000 1605 1025 1665 si
1042 1602 1152 1662 Fidelis

218 1743 280 1785 nou
298 1732 356 1797 est,
376 1726 414 1784 ab
432 1744 468 1784 eo
485 1723 559 1784 ratio
576 1722 633 1782 ista
648 1739 710 1782 nou
728 1717 878 1796 quaeritur.
894 1709 1152 1788 Consequentiam

220 1830 263 1891 sic
286 1833 426 1891 ostendo:
452 1830 628 1905 Quicunque
650 1826 770 1902 aliquod
794 1822 923 1882 edictum
945 1838 983 1878 ex
1004 1815 1152 1876 electione

170 1952 199 1997 50
218 1935 422 2014 prosequitur,
434 1935 505 1994 illud
521 1951 588 1993 esse
598 1934 713 2009 justum
727 1947 818 2006 opere
829 1924 1003 2004 persuadet:
1018 1927 1048 1980 et
1060 1937 1156 1996 quum

218 2059 310 2118 opera
326 2039 572 2116 persuadentiora
589 2037 661 2106 sint,
680 2054 772 2110 quam
787 2050 943 2094 sermones
962 2033 1008 2104 (ut
1023 2029 1152 2087 Philoso-

213 2147 275 2222 pto
297 2144 394 2220 placet
413 2143 444 2207 in
466 2143 575 2200 ultimis
594 2136 892 2208 adNicornachum),
913 2133 1008 2210 magis
1029 2150 1153 2210 persua·

221 2251 284 2321 det,
307 2267 398 2324 quam
426 2247 451 2306 si
478 2264 618 2306 sermone
645 2244 836 2321 adprobaret.
864 2241 923 2300 Sed
945 2238 1097 2307 Christus,
1120 2239 1154 2292 ut

220 2356 296 2448 Ejus
310 2355 409 2416 scriba
425 2357 522 2415 Lucas
538 2361 678 2426 testatur,
697 2355 753 2413 sub
771 2352 867 2411 edicto
884 2349 1029 2408 Romanae
1046 2348 1152 2404 aucto·

174 2475 200 2520 55
215 2461 316 2522 ritatis
337 2462 422 2522 nasci
442 2460 533 2521 voluit
550 2461 587 2520 de
605 2458 723 2536 Virgine
743 2457 854 2527 Matre,
879 2459 911 2513 ut
932 2453 982 2512 illa
1010 2447 1155 2527 singulari

221 2567 345 2630 Generis
362 2565 486 2626 humani
506 2565 718 2642 descriptione,
736 2561 825 2622 Filius
843 2559 896 2619 Dei
902 2603 909 2632 ,
926 2558 1024 2618 factus
1049 2557 1152 2627 homo,

221 2672 471 2746 conscriberetur3
494 2672 574 2748 quod
595 2669 651 2730 luit
669 2670 743 2730 illud
763 2665 913 2746 prosequi.
934 2665 972 2724 Et
988 2664 1067 2723 lor'te
1085 2683 1153 2722 san-

222 2781 297 2841 ctius
315 2789 361 2841 est
377 2779 526 2852 arbitrari,
545 2778 682 2839 divinitus
696 2777 767 2836 illud
782 2773 908 2834 exivisse
918 2791 972 2850 per
982 2770 1153 2841 Caesarem;

220 2886 253 2942 ut
285 2881 334 2960 qui
358 2888 496 2960 tempora
524 2887 607 2942 tanta
633 2881 731 2940 luerat
755 2883 929 2954 expectatus
954 2875 984 2934 in
1009 2873 1154 2934 societate

172 2997 202 3044 to
221 2985 406 3060 mortalium,
420 3006 489 3046 cum
503 2985 679 3046 mortalibus
696 2987 760 3064 ipse
777 3005 810 3044 se
827 2983 1024 3060 consignaret.

213 3127 214 3132 κ
301 3095 381 3170 Ergo
400 3092 551 3162 Christus,
577 3088 717 3165 Augusti,
746 3088 952 3148 Romanorum
974 3083 1153 3144 auctoritate

220 3202 384 3276 fungentis,
410 3202 541 3261 edictum
566 3199 630 3259 fore
645 3207 647 3212 '
659 3199 787 3275 justum,
810 3215 900 3274 opere
929 3195 1087 3273 persuasit.
1116 3193 1154 3252 Et

220 3323 314 3384 quum
345 3307 384 3364 ab
408 3308 490 3382 juste
516 3304 633 3366 edicere
657 3301 819 3382 jurisdictio
846 3305 1003 3377 sequatur,
1025 3317 1154 3360 necesse

220 3416 281 3483 est,
293 3415 326 3470 ut
343 3410 391 3486 qui
404 3411 476 3470 illud
490 3411 620 3471 edietum
635 3407 797 3487 persuasit,
809 3405 1047 3486 jurisdictionem
1061 3403 1155 3466 etiam

171 3525 199 3569 4⁵
218 3511 413 3588 persuaserit:
432 3531 498 3589 quae
512 3512 537 3573 si
552 3513 590 3572 de
603 3513 674 3572 lure
688 3531 747 3572 non
762 3518 839 3585 erat,
856 3511 968 3588 injusta
985 3516 1059 3572 erat.
