2590 4038
481 273 566 315 menn
585 273 742 316 secuanus.
1024 261 1078 319 253

130 408 229 478 rupto
250 405 422 481 corrumpit.
443 404 521 466 Nam
543 406 594 467 ille
611 409 794 488 Diqestorum
814 409 986 489 descriptio,
1011 432 1073 474 non
1094 423 1109 466 ὁ

132 504 207 567 dicit
222 507 295 584 quid
306 510 364 569 Jus
380 515 435 582 est,
449 512 503 571 sed
518 511 657 574 describit
671 513 742 574 illud
758 535 811 592 per
822 516 959 576 notitiam
970 517 1072 578 utendi

130 609 199 672 illo.
216 612 249 672 Si
273 633 344 692 ergo
363 614 493 676 definitio
514 615 572 677 ista
592 617 669 678 bene
689 621 760 697 qaid
778 625 824 681 est
843 626 873 681 et
889 642 979 700 quare
995 641 1073 685 com·

132 719 316 799 prehendit,
340 725 370 780 et
394 721 722 798 cujuslibet'societetis
744 722 824 783 Finis
847 727 893 784 est
914 744 1073 787 commune

134 827 293 890 sociorum
322 829 450 888 bonum:
477 847 603 890 necesse
630 837 686 902 est,
711 829 802 890 tinem
824 831 970 908 cujusque
995 830 1072 891 luris

134 934 256 994 bonum
274 953 438 995 commune
454 953 535 995 esse:
551 941 580 995 et
594 935 776 1012 impossibile
792 941 837 996 est
853 939 910 998 Jue
925 956 1003 1010 esse,
1022 938 1072 1026 bo·
1091 959 1124 1004 m

133 1063 214 1104 num
231 1063 393 1105 commune
406 1064 467 1105 non
483 1044 651 1108 intendens,
669 1047 794 1124 Propter
812 1047 891 1124 quod
910 1048 988 1108 bene
1006 1047 1074 1108 Tul·

134 1151 196 1213 lius
211 1150 242 1211 in
259 1151 358 1228 prima
373 1152 573 1211 uterorum«
592 1151 719 1228 Semper,
731 1149 845 1228 inquit,
863 1152 904 1210 ool
919 1151 1073 1210 utilitatem

135 1259 315 1336 Reipublicae
330 1260 400 1336 lepre
415 1259 639 1334 interpretando
650 1263 725 1316 sunt.
739 1279 753 1310 s
767 1257 853 1330 Quod
870 1255 894 1316 si
912 1258 950 1317 ad
967 1256 1073 1318 utilite·

135 1372 201 1428 tem
219 1384 326 1425 eorum
344 1365 394 1442 qui
411 1363 467 1426 sub
484 1365 562 1442 lege,
579 1365 661 1440 leges
679 1363 795 1425 directae
813 1384 874 1424 non
891 1372 975 1437 sunt,
990 1366 1071 1442 leges

136 1467 262 1528 nomine
280 1467 344 1526 solo
366 1471 449 1540 sunt,
470 1487 504 1528 re
525 1472 627 1528 eutem
653 1469 734 1544 leges
757 1489 824 1529 esse
847 1490 913 1549 non.
936 1477 1071 1548 possunt.
1091 1482 1121 1526 1⁵

137 1569 236 1647 Leges
255 1569 336 1629 enim
352 1575 470 1647 oportet
491 1572 628 1634 homines
643 1572 790 1634 devincire
809 1577 846 1636 ed
863 1575 990 1637 invicem
1007 1598 1073 1656 pro·

137 1678 207 1750 pter
223 1691 416 1732 communem
432 1673 596 1735 utilitatem.
614 1677 741 1754 Propter
758 1679 838 1755 quod
858 1681 936 1742 bene
958 1682 1072 1746 Seneca

138 1778 177 1838 de
202 1779 290 1856 Lep,
311 1798 379 1839 cum
395 1780 426 1840 in
446 1781 520 1841 libro
542 1783 576 1840 de
595 1783 719 1860 quotuor
741 1785 919 1846 Virtutibus:
939 1811 954 1842 ι
971 1789 1073 1866 Leqem

138 1885 298 1964 uinculum,
316 1884 396 1959 dicit,
413 1886 547 1946 humanm
558 1887 708 1946 societatis.
732 1908 747 1940 s
770 1887 856 1949 Petet
872 1888 971 1965 igitur,
991 1892 1072 1966 quod

140 1993 325 2071 quicumque
351 1994 465 2053 bonum
492 1990 672 2070 Roipublicae
702 1992 839 2068 intendit,
870 1995 962 2058 finem
987 1998 1073 2060 Jortr
1092 2014 1123 2060 20

137 2097 277 2160 intendit.
299 2098 330 2159 Si
356 2119 426 2178 ergo
447 2100 576 2160 Romani
603 2101 717 2162 bonum
738 2100 919 2180 Reipublicae
939 2103 1072 2166 intende·

140 2211 225 2278 runt,
245 2224 352 2264 verum
373 2204 427 2265 erit
449 2205 561 2280 dicere,
579 2207 671 2269 finem
687 2210 775 2270 Jorts
791 2209 964 2274 intendisse.
983 2214 1070 2288 Quod

140 2317 244 2374 autem
261 2311 417 2372 Romanus
434 2313 560 2390 populus
581 2313 694 2374 bonum
715 2315 873 2391 prefatum
893 2315 1068 2390 intenderit,

141 2413 328 2493 subjiciendo
346 2413 402 2475 sibi
417 2414 530 2476 Orbem
549 2421 709 2492 terrarum,
727 2427 811 2496 geste
829 2441 884 2482 sua
901 2423 1069 2486 declarent:

139 2522 173 2584 in
199 2521 321 2600 quibus,
350 2522 432 2583 omni
456 2511 772 2601 cupiditate'remota,
797 2546 864 2604 quae
890 2527 1070 2604 Reipublicae
1091 2551 1119 2596 rt

140 2645 264 2707 semper
291 2629 418 2690 adversa
442 2636 501 2702 est,
524 2638 553 2691 et
564 2630 724 2690 universali
744 2650 818 2708 pace
841 2650 912 2691 cum
934 2631 1071 2694 libertate

141 2737 272 2810 delecte,
289 2737 419 2814 Populus
440 2736 489 2798 ille
503 2739 637 2806 sanctus,
653 2733 718 2812 pius
734 2739 763 2794 et
778 2731 937 2810 gloriosus,
952 2732 1072 2814 propria

141 2841 302 2903 commoda
317 2839 485 2920 neglexisse
502 2840 631 2914 videtur,
648 2846 681 2902 ut
698 2838 815 2918 publica
829 2858 883 2917 pro
902 2840 998 2900 salute
1018 2841 1071 2902 hu·

140 2948 224 3010 mani
234 2947 357 3009 Generis
372 2950 555 3024 procuraret.
570 2945 656 3006 Unde
673 2949 754 3004 recte
767 2941 839 3002 illud
853 2941 997 3020 scriptum
1012 2948 1069 3008 est:

140 3056 305 3116 &mrum
322 3053 478 3129 Imperium
494 3052 528 3110 ole
542 3050 621 3124 fonte
633 3048 766 3108 noscitur
775 3045 904 3122 pletatis.
1091 3060 1121 3106 30

222 3163 283 3225 Sed
300 3160 370 3240 quia
386 3161 424 3220 de
439 3157 602 3220 intentione
620 3154 754 3216 omnium
769 3172 805 3214 ex
823 3148 966 3212 electione
983 3170 1071 3229 agen·

141 3268 231 3344 tium,
248 3267 321 3329 nihil
338 3267 532 3328 manifestum
550 3269 595 3326 est
612 3269 698 3324 extra
713 3259 932 3332 intendentem,
948 3257 1004 3320 nisi
1017 3279 1072 3338 per

142 3373 228 3454 signe
245 3373 406 3458 exteriora3
423 3381 451 3437 et
466 3391 621 3435 sermones
635 3366 802 3448 inquirendi
817 3375 887 3429 sunt
904 3367 1070 3428 secundum

141 3479 312 3558 subjectam
329 3478 497 3553 materiam,
516 3483 549 3538 ut
563 3478 628 3556 jam
655 3477 766 3538 dictum
795 3482 852 3538 est:
872 3475 945 3538 satis
962 3475 993 3536 in
1013 3475 1071 3538 hoe

139 3586 207 3648 loco
223 3585 417 3659 habebimus,
436 3585 461 3646 si
478 3586 514 3645 de
530 3583 693 3646 intentione
709 3585 810 3664 populi
832 3584 961 3645 Romani
987 3583 1070 3660 signa
1089 3597 1118 3640 35
