2556 4032
492 157 648 200 connenn.
1005 149 1040 204 97

85 269 250 341 eppoggielo
268 267 324 322 alle
338 266 462 322 Crenaee
477 267 505 321 di
522 268 678 324 Ricordeno
694 271 848 344 Malespini‚
864 279 972 328 avverte
991 275 1042 329 che

84 361 162 414 Arno
183 358 209 412 si
233 357 379 413 chiameve
393 357 489 412 Sarno
507 359 554 412 nel
572 365 665 429 tempo
684 360 734 413 obe
753 362 817 432 que*
830 361 961 432 Romani,
979 375 1042 435 pec·

85 447 122 503 nn·
139 459 195 502 ¹con
213 448 298 517 Silla,
316 463 440 502 vennero
456 446 494 501 od
508 448 620 502 abitare
633 448 681 502 net
693 448 797 520 piano,
813 449 900 506 dov’e
918 451 981 522 oggi
998 451 1042 506 Fi·

85 551 175 592 renze.
716 531 724 539 '

151 623 199 682 15.
222 623 406 696 Florentiam
430 624 502 678 odeo
524 625 694 695 illinamus,
720 631 752 680 ut
776 627 846 697 qnia
870 625 1041 695 dileximus,

83 715 209 770 exilium
222 717 381 785 potiamur
399 714 514 784 injuste.
532 714 620 768 Dante
643 716 749 770 sentiva
771 715 797 770 d’
808 731 901 770 amare
916 721 992 770 tento
1014 716 1042 771 la

84 821 136 859 sua
149 804 257 872 Patria,
274 805 327 858 che
343 819 400 858 non
420 820 473 874 pcc
487 804 572 870 altro,
588 821 617 858 se
632 820 688 859 non
704 821 755 876 per
779 811 879 877 questo
896 805 1041 876 coverchis

85 910 190 962 amore,
201 893 225 948 si
235 893 362 948 credctte
373 893 491 948 cacciato
501 893 529 947 in
541 892 617 947 csilio
628 893 663 947 de
672 893 775 964 coloro,
784 896 826 950 cui
839 895 892 964 egli
903 895 972 950 dave
983 894 1045 948 rim·

86 999 202 1054 procero
220 981 353 1036 d’averle
373 981 446 1035 mele
461 986 551 1035 amata
566 998 582 1036 o
598 982 712 1038 ebuseta
728 983 756 1038 in
776 985 889 1056 proprio
913 983 1042 1052 secvigio.

87 1071 179 1138 Quin,
191 1071 312 1125 siccome
326 1069 491 1136 n'affenma,
501 1069 598 1123 dormi
612 1073 736 1141 concilo,
749 1072 864 1127 Nimico
877 1074 908 1127 oi
919 1074 981 1144 lupi
993 1073 1045 1126 che

87 1161 128 1232 9li
141 1162 237 1215 donno
258 1175 383 1232 querca:
404 1159 480 1227 Pan,
500 1173 569 1228 xxv,
585 1160 609 1215 5.
632 1161 653 1214 E
677 1163 744 1232 perb
767 1177 824 1218 non
848 1179 959 1218 sessove
982 1163 1041 1218 dal·

87 1251 276 1306 l’esclamace:
289 1249 484 1322 Altipiociuto
494 1250 566 1318 fosse
577 1251 606 1303 ol
617 1250 821 1322 Dispensatore
829 1253 1044 1321 delt'Unioerso‚

87 1340 134 1394 elce
148 1343 179 1396 lo
192 1341 316 1411 sanione
331 1339 409 1392 detta
424 1339 486 1392 mio
500 1354 582 1393 sousa
600 1341 663 1393 mai
674 1355 731 1394 non
747 1343 820 1411 fosse
834 1345 927 1398 stota!
942 1345 994 1398 cte
1007 1344 1044 1397 ne

88 1431 156 1485 altri
171 1439 271 1485 contro
289 1446 334 1484 me
349 1430 434 1483 occia
449 1430 568 1500 scitoto,
588 1431 623 1482 ne
637 1429 665 1482 io
680 1431 792 1502 soffecto
809 1433 888 1486 conci
903 1450 982 1504 peno
996 1434 1044 1488 in-

88 1519 291 1588 qinstomente,
306 1535 399 1591 petio,
415 1518 492 1586 dico,
508 1519 626 1573 d'esitio
639 1535 654 1573 e
666 1521 698 1574 di
710 1521 846 1591 poverlc'c:
863 1521 958 1587 Gonn,
973 1533 997 1590 1,
1013 1523 1041 1577 5.

90 1610 136 1663 Ma
154 1610 241 1664 anche
259 1609 347 1663 allona
366 1608 418 1662 che
430 1607 448 1661 l’
458 1608 539 1663 Esule
554 1609 662 1664 infelice
678 1609 780 1677 civolge
795 1609 848 1664 alla
864 1625 914 1663 sua
930 1609 1044 1666 Firenze

90 1697 187 1752 iocose
205 1699 295 1768 parole
313 1697 343 1751 di
363 1713 527 1768 rampogna,
545 1697 611 1752 nell·
622 1697 813 1768 inquictudine
832 1702 919 1752 siesse
936 1697 1045 1755 de'suoi

94 1786 193 1856 sdegni
209 1787 307 1842 discola
325 1786 417 1841 sicura
432 1787 458 1840 la
474 1787 547 1840 victb
563 1786 627 1839 dell’
638 1786 728 1840 antico
744 1802 759 1839 e
774 1791 897 1839 costante
912 1803 1017 1840 amore.

167 1877 210 1932 16.
229 1875 350 1931 Ratione
364 1877 472 1948 monis,
489 1891 681 1946 quamsensu,
691 1874 824 1943 scopulos
839 1875 931 1927 nostri
941 1875 1047 1943 judicii

90 1966 253 2038 podismus.
263 1964 389 2021 Secondo
400 1965 419 2018 il
429 1964 610 2032 'lrissino,oib
620 1963 753 2034 potrebbe
762 1962 896 2018 tcaducsi:
909 1964 945 2018 Le
954 1966 1047 2036 spolie

94 2055 140 2109 del
151 2062 246 2110 nostro
263 2055 390 2125 ‹Jindicio
402 2054 458 2124 pici
472 2056 533 2108 otto
545 2053 678 2125 racione,
693 2053 743 2108 che
758 2055 878 2108 alsense
893 2053 1048 2125 oppoyyia-

97 2161 150 2200 mo.
162 2145 200 2200 La
211 2145 349 2200 metalora
360 2143 407 2214 qui
421 2159 560 2213 persero,
576 2143 711 2197 ancocche
725 2149 823 2214 troppo
837 2143 939 2213 andita,
954 2160 1010 2198 non
1023 2143 1047 2198 si

95 2234 228 2304 penebbe
245 2249 328 2288 meno
351 2233 414 2287 dell'
426 2234 509 2288 altra:
535 2232 575 2288 Lo
598 2234 700 2288 illicito
720 2250 734 2286 e
752 2234 777 2286 to
794 2233 1005 2304 irroyionevole
1023 2233 1047 2287 it

95 2323 201 2378 cultello
215 2324 260 2378 det
276 2324 334 2377 mio
347 2321 473 2392 niudicio
489 2338 576 2392 purga
589 2322 619 2377 in
633 2328 731 2392 questa
742 2326 855 2393 formo:
867 2321 966 2391 Gonn,
977 2335 1004 2390 1,
1018 2321 1045 2376 2.

167 2411 211 2466 23.
231 2411 441 2468 Ratiocinontes
462 2410 492 2463 in
510 2411 634 2464 nobis...
654 2410 779 2464 locorum
795 2409 993 2464 habitudinem
1008 2409 1048 2464 od

97 2505 250 2572 utrumqne
264 2502 372 2556 Polum
386 2505 412 2553 et
426 2499 566 2554 circulum
583 2498 787 2568 AEqnntorcm‚
799 2499 906 2552 multos
916 2513 973 2550 esse
986 2512 1051 2566 pcr-

96 2592 256 2662 pendimuS,
271 2591 451 2663 firmiterque
465 2604 609 2644 censemus
624 2593 650 2640 et
670 2587 763 2656 monis
786 2587 892 2640 nobiles
914 2590 941 2638 et
957 2584 1050 2652 moyis

96 2679 239 2736 delitiosus
251 2683 413 2751 etreyiones
424 2684 450 2733 et
458 2678 552 2744 nrbes,
562 2690 649 2746 qnam
661 2673 816 2727 Thuscione
825 2679 851 2726 et
861 2671 887 2726 F
887 2672 1049 2728 terentiane.

96 2769 117 2824 Il
132 2770 266 2826 vocabolo
285 2785 299 2822 c
315 2767 528 2829 habitudinem,
547 2781 560 2817 s
581 2779 596 2817 e
616 2762 670 2816 cosi
686 2761 844 2829 ebitudine,
861 2760 891 2814 in
909 2761 1047 2815 attinenza

96 2873 134 2912 ac
147 2861 316 2924 locorum»
329 2857 392 2912 vien
402 2873 419 2911 a
429 2855 585 2926 significare
595 2852 685 2925 quella
696 2851 841 2906 relozione
850 2867 866 2904 o
876 2849 1048 2919 conformitc'c

97 2947 247 3017 diotimo,
268 2949 320 3002 che
338 2947 449 3002 ciascun
472 2946 554 3014 luogo
578 2960 594 2998 o
615 2957 699 3013 paese
723 2939 801 2994 suole
821 2953 913 3006 avere,
936 2937 1050 3009 nispelto

96 3037 287 3109 all‘Eqnetone
302 3036 336 3091 ed
356 3053 373 3090 a
388 3035 480 3107 quello
496 3034 538 3088 de*
545 3032 599 3086 due
614 3031 690 3098 Poli,
706 3034 778 3083 sotto
793 3028 812 3082 il
828 3026 909 3100 quale
925 3028 940 3081 e
956 3032 1047 3098 posto:

98 3127 203 3190 Quoesc.
220 3127 257 3182 cie
270 3127 327 3197 Aq.
339 3132 365 3179 et
378 3125 448 3191 Ten,
462 3122 476 3195 5
491 3136 547 3177 xcx.
559 3119 638 3176 Onde
652 3119 706 3173 mal
720 3117 841 3172 s'avvisb
853 3116 871 3170 l’
882 3117 993 3187 egregio
1009 3117 1052 3172 Vi·

97 3217 209 3272 centino
232 3215 280 3270 nel
306 3213 449 3268 tradurre:
472 3209 663 3265 Discocrendo
684 3210 734 3278 [να
755 3207 840 3264 noi...
861 3208 886 3261 te
908 3206 1052 3263 altitudini

96 3305 247 3376 dc’tuoqbl
257 3310 300 3358 tce
312 3305 389 3377 t'scno
401 3319 415 3356 e
426 3301 523 3355 t'attro
534 3298 603 3354 Polo
613 3315 627 3352 e
636 3298 660 3350 il
669 3297 772 3351 circoto
783 3295 941 3369 Ennaton,
952 3297 1053 3352 serma-

98 3399 190 3450 menle
206 3391 393 3463 commendo,
413 3407 428 3444 e
447 3388 530 3442 credo
546 3388 632 3440 molle
646 3384 758 3455 reqioni
773 3403 788 3440 e
806 3385 875 3440 cittis
893 3401 982 3439 essere
997 3384 1052 3452 piel

97 3485 187 3540 nobiti
203 3484 255 3538 che
270 3483 396 3536 Toscono
409 3497 423 3534 e
438 3478 563 3534 Finence.
577 3475 660 3530 Bensi
674 3474 712 3529 mi
726 3473 836 3530 sembra
851 3473 892 3528 ch’
903 3472 957 3540 egli
971 3468 1052 3523 abbia

178 3580 266 3633 Dinis,
281 3579 350 3634 Opere
362 3576 440 3620 latine.
930 3574 942 3614 7
