2590 4038
516 229 602 270 nisan
620 230 777 274 snauunus
1055 221 1107 276 263

168 360 293 418 secundo
311 357 577 434 Paralipomenon:
597 361 668 420 Cum
684 363 854 439 ipnoramns
873 366 945 442 qnid
963 386 1046 443 apere
1062 370 1106 427 cte-

170 465 299 542 beamus,
316 467 368 525 boc
388 467 479 526 solnm
495 467 629 526 habemns
645 470 771 545 residui,
790 476 823 528 ut
843 472 883 529 ad
902 473 939 530 Te
956 475 1048 535 oculos
1065 477 1107 534 di-

171 573 311 649 ripoinus.

251 678 475 756 Disceptatione
491 698 562 739 vero
580 679 745 754 mediante,
761 679 931 758 dupliciter:
951 687 1002 742 aut
1018 691 1105 760 sorte,

168 794 222 846 aut
238 789 400 846 certamine.
416 786 540 846 Certare
555 787 648 860 enim,
667 789 705 847 ab
724 807 758 847 eo
777 789 857 864 quod
875 793 921 848 est
938 797 1043 849 certum
1058 791 1103 864 fa·
1123 811 1151 856 to

167 913 229 952 cere
246 894 361 953 dictum
378 898 432 952 est.
448 894 530 953 Sorte
546 895 665 970 quidem
684 896 866 972 quandoque
882 896 935 956 Dei
957 897 1104 958 Judioium

165 1002 319 1061 revelatur
335 1000 521 1060 bominibus:
541 1006 574 1059 ut
590 1008 673 1078 patet
689 1003 720 1062 in
738 1002 948 1065 substitutione
969 1005 1101 1066 Matthiae

164 1109 197 1168 in
215 1109 338 1166 Actibus
355 1107 565 1184 Apostolorum.

250 1214 410 1274 Certamine
435 1233 504 1272 vero
531 1212 685 1290 dupliciter
710 1213 763 1274 Dei
785 1213 929 1292 judicium
955 1217 1102 1293 aperitur:

167 1318 216 1378 vel
234 1338 272 1378 ex
289 1320 433 1378 collisione
448 1317 573 1391 virium,
591 1318 666 1377 sicut
684 1319 716 1378 fit
732 1339 786 1396 per
804 1322 937 1381 duellum
955 1323 1102 1399 pugilum,
1126 1350 1151 1395 tt

167 1423 219 1500 qui
240 1423 406 1483 duelliones
428 1423 518 1483 etiam
542 1430 702 1485 vocantur:
730 1427 776 1485 vel
794 1446 832 1486 ex
847 1433 1021 1489 contentione
1041 1432 1102 1506 plu·

165 1529 246 1588 rium
264 1529 303 1587 ad
320 1528 440 1604 aliquod
458 1529 575 1604 signum
590 1530 753 1605 praevalere
770 1534 956 1608 conantium,
976 1539 1052 1597 sicut
1070 1537 1102 1598 fit

165 1655 222 1713 per
239 1656 373 1713 pugnarn
391 1635 572 1695 athletarum
589 1633 774 1694 currentium
792 1637 831 1695 ad
848 1637 995 1698 bravium.

249 1742 369 1802 Primus
385 1742 512 1802 istorum
528 1744 688 1802 modorum
709 1743 788 1818 apud
806 1742 939 1806 Gentiles
956 1747 1102 1824 figuratus

166 1849 221 1909 ruit
244 1850 275 1909 in
299 1850 350 1909 illo
372 1849 470 1910 duello
497 1846 633 1907 Herculis
655 1853 685 1906 et
706 1845 832 1921 Anthei,
855 1848 940 1925 cujus
962 1851 1101 1914 Lucanus
1121 1877 1151 1922 ω

166 1957 305 2016 meminit
324 1956 355 2016 in
373 1960 479 2032 quarto
497 1954 661 2013 Pharsalia
676 1957 705 2014 et
718 1951 840 2014 Ovidius
857 1954 887 2013 in
903 1975 984 2017 nono
1002 1961 1036 2020 de
1051 1964 1102 2023 Rc

165 2083 235 2123 ram
251 2065 497 2122 transmutatione.

250 2169 407 2228 Secundus
418 2167 564 2242 figuratur
575 2166 654 2241 apud
666 2165 788 2226 eosdem
801 2167 832 2226 in
842 2167 983 2231 Atalanta
996 2179 1025 2232 et
1033 2171 1102 2251 Hip·

167 2294 314 2354 pamene‚
335 2275 365 2333 in
383 2272 499 2332 decimo
516 2275 551 2330 de
566 2275 675 2332 Rerum
690 2279 935 2338 transmutatiom.

249 2379 389 2440 Similiter
411 2385 440 2439 et
461 2380 553 2437 latere
573 2398 633 2439 non
654 2382 744 2440 debet
761 2383 903 2457 quoniam
917 2384 948 2444 in
965 2383 1012 2445 his
1031 2388 1100 2448 duo·
1118 2408 1145 2454 ns

166 2490 223 2548 bus
249 2487 423 2548 decertandi
444 2486 601 2561 generibus
623 2485 664 2546 ita
685 2487 828 2549 sehabet
851 2509 914 2564 res,
935 2489 1019 2550 utin
1040 2511 1101 2553 uno

166 2595 230 2654 sine
248 2593 357 2671 injuria
374 2595 561 2654 decertantes
577 2593 722 2669 impedire
740 2615 772 2655 se
790 2595 917 2671 possint,
938 2601 1010 2672 puta
1022 2599 1101 2658 duel·

165 2701 278 2774 liones;
308 2701 338 2760 in
367 2701 461 2760 altero
488 2706 590 2760 autem
615 2719 690 2772 non;
712 2718 773 2759 non
801 2701 881 2760 enim
908 2701 1027 2761 athletae
1047 2701 1099 2763 irn-

165 2804 339 2881 pedimento
366 2803 397 2862 in
420 2803 595 2864 alterutrum
624 2801 667 2862 uti
693 2804 817 2876 debent,
851 2805 987 2880 quamvis
1016 2807 1100 2866 Poeta

165 2917 269 2970 noster
279 2909 364 2970 aliter
381 2910 512 2970 sensisse
528 2910 664 2968 videatur
679 2908 710 2968 in
727 2909 841 2984 quinto,
859 2928 952 2985 quum
970 2909 1039 2969 fecit
1056 2929 1099 2969 re·
1121 2929 1150 2975 70

163 3015 318 3076 munerari
345 3017 517 3093 Euryalum.
546 3017 673 3094 Propter
695 3016 775 3093 quod
800 3014 907 3076 melius
932 3015 1047 3075 Tullius
1068 3016 1098 3076 in

163 3127 248 3184 tertia
270 3127 307 3185 dc
335 3125 445 3200 Officiis
466 3124 524 3184 hoc
545 3121 709 3200 prohibuit,
733 3120 916 3181 sententiam
942 3119 1098 3201 Chrysippi

166 3248 311 3306 sequens3
329 3231 370 3290 ait
388 3229 468 3290 enim
484 3227 541 3287 sic:
559 3227 631 3285 Scite
649 3227 846 3304 Chrysippus,
862 3233 895 3286 at
915 3231 1023 3288 mutto:
1041 3231 1098 3302 Qui

162 3339 292 3397 stadium
312 3335 433 3416 (inquit)
460 3338 568 3412 currit,
588 3336 656 3394 eniti
678 3342 703 3393 et
721 3335 885 3395 conterritae
901 3338 993 3414 debet,
1011 3355 1098 3413 qnam

164 3445 291 3503 maurinu
304 3446 412 3522 possit,
432 3451 464 3502 nt
484 3445 596 3502 vincat:
616 3443 806 3520 suppuraturo
827 3451 921 3504 autem
941 3463 1018 3520 curn,
1038 3445 1097 3521 qni·
1120 3463 1148 3510 75

166 3571 232 3612 cum
247 3560 345 3632 certet,
361 3553 439 3614 nullo
455 3554 537 3612 modo
554 3552 638 3612 debet.
