2578 4038
232 263 286 320 296
582 271 620 312 ou
639 269 818 311 rlONAucfflh.

234 423 296 486 pum
316 406 444 476 aseendit
460 403 494 463 de
514 405 638 478 deserto,
655 402 764 461 delitiis
786 401 926 476 affluens,
950 401 1058 460 irmiom
1077 419 1172 477 super

189 532 216 576 45
235 513 398 576 Dilectum?
421 511 471 573 Sic
495 519 524 572 et
543 510 668 586 Imperio
687 507 799 568 licitum
825 527 887 568 non
910 513 956 568 est
976 513 1083 567 contra
1109 508 1171 566 Jms

236 624 405 684 humanum
428 615 538 693 aliquid
564 614 673 674 facere.
700 611 760 671 Sed
787 619 892 671 contra
918 611 975 690 Jms
996 610 1171 670 humanum

237 733 330 798 esset,
357 722 382 785 si
407 721 540 800 seipsum
563 720 722 796 Imperium
741 718 921 780 destrueret:
941 738 1012 796 ergo
1038 719 1171 796 Imperio

237 831 371 910 seipsum
387 830 542 890 destruere
559 844 622 886 non
637 827 714 886 licet.
733 825 810 886 Cum
827 847 898 904 ergo
916 827 1054 888 scindere
1074 828 1171 905 Impe-

235 941 314 998 m‘mm
331 940 412 996 esset
427 934 582 994 destruere
595 931 708 1008 ipsum,
723 929 906 992 consistente
920 934 1046 1010 Imperio
1059 931 1091 992 in
1105 931 1174 992 uni-

191 1056 220 1102 oo
239 1047 299 1103 tate
315 1039 494 1100 Monarchioe
511 1036 700 1111 universalis3
717 1036 911 1100 manifestum
928 1047 989 1114 est,
1010 1041 1092 1117 quod
1113 1039 1172 1100 Im·

234 1151 312 1226 perit
332 1147 508 1208 auctoritate
528 1145 662 1222 fungenti
683 1144 820 1208 scindere
837 1146 996 1225 Imperium
1011 1167 1075 1208 non
1090 1147 1173 1210 licet.

236 1257 323 1332 Quod
340 1260 443 1315 autem
461 1249 616 1313 destruere
631 1247 788 1330 Imperium
808 1250 847 1313 sit
866 1256 971 1312 contra
990 1254 1048 1312 Jus
1065 1252 1174 1314 huma·

236 1379 324 1432 num,
343 1378 381 1419 ex
398 1356 603 1435 superioribus
620 1363 666 1417 est
682 1357 885 1420 manifestum.

315 1465 468 1525 Praeterea
491 1464 589 1524 omnis
610 1465 780 1526 Iurisdiotio
804 1465 884 1544 prior
906 1475 952 1528 est
973 1487 1029 1529 suo
1051 1467 1173 1529 Iudice:

189 1587 216 1634 oo
237 1573 334 1634 Judex
351 1570 431 1632 enim
449 1569 488 1630 ad
502 1567 741 1648 jurisdictionem
758 1569 923 1643 ordinatur,
942 1575 971 1631 ct
987 1589 1051 1630 non
1068 1590 1085 1630 e
1103 1589 1174 1631 con·

236 1699 333 1740 verso.
348 1678 408 1738 Sed
418 1675 579 1754 Imperium
590 1681 636 1736 θεῖ
649 1672 827 1747 Jurisdictio,
840 1695 962 1736 omnem
970 1677 1174 1754 temporalem

235 1787 472 1866 jurisdictionem
493 1783 608 1844 ambitu
634 1801 689 1842 suo
711 1780 989 1857 comprehendens:
1006 1801 1079 1860 ergo
1106 1784 1173 1860 ipsa

238 1901 285 1954 est
300 1893 382 1972 prior
401 1912 456 1953 suo
472 1889 589 1962 Iudice,
608 1887 659 1966 qui
676 1895 722 1948 est
730 1888 915 1964 Imperator:
933 1885 1002 1964 quia
1019 1889 1059 1948 ed
1074 1888 1173 1966 ipsam

237 2001 404 2079 Imperator
424 2005 470 2058 est
493 1996 664 2068 ordinatus,
690 2001 719 2056 et
737 2013 798 2055 non
821 2013 1015 2055 econverso.
1039 1993 1087 2054 Ex
1109 2015 1170 2073 quo

189 2119 219 2166 oo
239 2108 333 2180 patet,
352 2102 434 2178 quod
450 2102 613 2176 Imperator
628 2097 725 2176 ipsam
742 2103 913 2175 permutare
929 2117 990 2158 non
1007 2106 1123 2176 potest,
1139 2100 1170 2160 in

238 2213 387 2287 quantum
402 2207 578 2285 Imperator,
596 2224 668 2266 cum
684 2205 723 2265 ab
740 2225 777 2266 ee
793 2205 916 2285 recipiat
929 2226 997 2268 esse
1014 2209 1097 2285 quod
1113 2215 1167 2270 est.

318 2312 406 2372 Modo
421 2311 485 2372 dico
500 2311 559 2374 sic:
572 2312 633 2372 Aut
645 2311 695 2372 ille
708 2314 876 2392 Imperator
890 2319 966 2388 erat,
982 2334 1052 2375 cum
1064 2315 1171 2378 dicitur
1220 2285 1228 2302 ο

237 2419 377 2482 Ecclesiae
402 2417 581 2495 contulisse,
605 2425 657 2480 aut
680 2439 757 2494 non3
780 2425 810 2480 et
836 2419 861 2480 si
881 2439 955 2493 non,
977 2421 1105 2499 planum
1126 2428 1172 2482 θεῖ

238 2529 319 2606 quod
334 2527 408 2588 nihil
431 2531 553 2606 poterat
573 2528 611 2588 de
631 2525 757 2605 Imperio
776 2525 922 2587 conferre.
943 2523 975 2586 Si
998 2524 1057 2598 sic,
1075 2543 1171 2602 quum
1282 2597 1283 2600 Ἴ

188 2655 217 2699 os
237 2634 303 2695 talis
321 2633 438 2694 collatio
460 2639 542 2693 esset
558 2631 714 2693 minoratio
729 2630 955 2711 jurisdictionis,
972 2632 1171 2710 inquantum

237 2739 413 2816 Imperator,
434 2739 493 2800 hoc
516 2739 615 2800 facere
637 2759 699 2800 non
720 2746 845 2819 poteret.
870 2741 1020 2821 Amplius,
1042 2741 1069 2803 si
1090 2764 1168 2805 unus

237 2845 400 2921 Imperator
419 2843 553 2921 aliquam
576 2845 755 2923 perticulam
774 2847 813 2906 ab
830 2847 951 2926 Imperii
964 2849 1169 2926 jurisdictione

239 2954 405 3028 discindere
419 2961 535 3034 posset,
554 2955 661 3015 eadem
673 2954 789 3016 ratione
804 2962 834 3016 et
846 2954 932 3016 alius.
952 2954 989 3016 Εῖ
1008 2975 1105 3032 quum
1121 2956 1168 3016 Ju-

239 3059 369 3121 risdictio
387 3059 658 3139 temporalis'finita
675 3061 725 3136 sit,
743 3067 772 3122 θῖ
796 3081 886 3123 omne
901 3061 1018 3124 linitum
1031 3081 1088 3140 per
1104 3061 1168 3124 lini·

190 3183 219 3228 70
238 3173 284 3227 tas
300 3167 467 3229 decisiones
487 3169 678 3242 absumatur,
698 3176 888 3248 sequeretur,
902 3171 983 3248 quod
996 3170 1166 3233 Jurisdictio

237 3275 334 3352 prime
347 3281 450 3353 posset
468 3277 641 3338 annihilari:
661 3279 741 3356 quod
756 3286 802 3340 est
818 3276 1030 3339 irrationabile.
1045 3277 1165 3350 Adhuc,

240 3399 334 3458 quum
356 3381 515 3443 conferens
537 3383 648 3443 habeat
666 3403 698 3444 se
721 3403 775 3461 per
792 3384 916 3444 modurn
932 3383 1056 3462 ayma,
1073 3389 1104 3444 ct
1122 3383 1167 3446 oui

137 3539 146 3558 ,
238 3487 404 3560 confertur,
424 3505 477 3565 per
501 3488 626 3548 modum
642 3487 800 3570 patientie,
820 3491 853 3548 ut
876 3487 972 3564 placet
992 3487 1165 3564 Philosoplw

238 3589 269 3648 in
289 3599 392 3668 quarto
410 3592 448 3650 ad
472 3591 705 3666 Nicomachum,
723 3612 785 3654 non
802 3593 900 3654 solum
916 3593 954 3655 ad
976 3591 1165 3654 collationem
