2560 4022
497 229 535 270 DE
552 229 678 272 turoam
696 229 886 279 Enoousrtrla.
972 277 973 282 ¹

309 367 473 428 Honestus:

180 540 209 585 to
389 519 465 574 «Pio
480 534 537 573 non
550 517 662 573 attendo
677 517 697 571 il
711 521 758 572 tuo
773 531 912 583 soccorso,
928 499 1067 569 Amores

230 683 302 756 Quae
316 680 437 758 quidem
450 681 541 740 rerba
554 698 677 758 prorsus
692 697 710 739 a
722 677 905 740 mediastinis
923 677 1064 738 Bononiae
1081 683 1153 738 sunt

231 790 357 850 diversa.
375 788 510 865 Cumque
525 789 561 848 de
575 769 721 848 residibus
735 785 766 847 in
780 784 921 846 extremis
932 783 1022 845 ltaliae
1036 783 1158 846 civitati-

232 901 288 960 hus
299 897 451 960 neminem
461 896 597 957 dubitare
606 897 783 976 pendamus,
792 903 821 957 et
833 895 858 956 si
869 893 934 972 quis
943 894 1065 966 dubitat,
1071 893 1158 953 illum

232 1006 313 1064 nulla
332 1010 436 1063 nostra
456 999 603 1061 solutione
624 1000 796 1078 dignamur;
817 1021 924 1080 parum
945 1005 1038 1063 restat
1058 1000 1089 1060 in
1106 1021 1158 1062 no

187 1129 216 1178 4⁶
235 1119 297 1172 stra
317 1107 502 1171 discussione
524 1108 689 1170 dicendum.
711 1109 810 1182 Quare
830 1109 983 1170 cribellum
1003 1107 1159 1187 cupientes

233 1220 396 1297 deponere,
409 1222 443 1276 ut
455 1214 648 1276 residentiam
665 1215 722 1277 cito
739 1215 871 1278 visamus
875 1259 884 1290 ,
899 1214 1023 1276 dicimus
1035 1213 1160 1276 Triden-

232 1331 298 1384 tum
323 1326 414 1398 atque
434 1317 611 1393 Taurinum,
631 1339 688 1380 nec
711 1338 773 1380 non
792 1319 1005 1382 Alexandriam
1025 1318 1161 1380 civitates

234 1427 322 1490 metis
339 1426 428 1504 ltaliae
444 1426 474 1486 in
491 1431 608 1487 tantum
624 1427 729 1486 sedere
745 1425 942 1504 propinquas,
967 1427 1046 1505 quod
1067 1447 1161 1506 puras

235 1542 388 1612 nequeunt
407 1534 688 1610 habere'loquelas3
707 1533 749 1594 ita
770 1535 849 1611 quod
870 1534 907 1608 si,
929 1533 1005 1595 sicut
1028 1533 1161 1610 turpissi-

187 1667 216 1712 ω
237 1663 321 1703 mum
338 1643 449 1702 habent
466 1639 605 1718 Vulgare,
620 1639 766 1699 habereut
779 1635 1024 1715 pulcherrimum,
1038 1640 1163 1715 propter

236 1750 362 1810 aliorum
383 1744 627 1808 commixtionem
647 1762 715 1804 esse
730 1762 802 1804 vere
817 1741 956 1803 Latinum
969 1759 1157 1818 negaremus

236 1856 334 1930 Quare
356 1853 381 1915 si
401 1853 539 1916 Latinum
557 1854 671 1914 illustre
691 1869 848 1922 venamur,
870 1849 951 1928 quod
971 1867 1116 1909 venamur
1131 1845 1162 1906 in

235 1960 291 2022 illis
308 1959 433 2021 inveniri
449 1979 510 2020 non
526 1961 636 2038 potest.

603 2206 699 2268 orpus
723 2207 796 2267 xvr.
857 2179 859 2184 ’

332 2421 368 2464 De
378 2418 519 2464 excellentia
526 2418 637 2468 uulgaris
652 2417 807 2471 eloquentia,
818 2419 843 2461 et
852 2417 916 2471 quod
926 2417 1064 2461 communis

566 2501 603 2541 est
612 2499 724 2542 omnibus
738 2499 835 2544 Italicis

321 2707 488 2782 Postquam
507 2704 606 2765 venati
626 2705 720 2765 saltus
748 2710 777 2766 et
800 2723 913 2784 pascua
938 2723 1042 2766 sumus
1063 2704 1166 2776 Italiae,

241 2833 297 2875 nec
309 2821 480 2891 panteram,
494 2830 585 2887 quam
599 2811 767 2887 sequimur,
784 2811 990 2874 adinvenimus
996 2813 1006 2886 ;“
1021 2818 1055 2872 ut
1070 2811 1167 2889 ipsam

241 2917 371 2997 reperire
384 2913 549 2994 possimne,
564 2913 767 2976 rationabilius
784 2915 995 2994 investigemus
1008 2919 1045 2978 de
1058 2917 1120 2991 illa,
1136 2927 1167 2979 ut

244 3023 346 3082 solerti
361 3021 459 3082 studio
473 3020 659 3080 redolentem
676 3019 800 3096 ubique,
815 3041 872 3082 nec
892 3042 1022 3100 usquam
1038 3023 1167 3084 residen-

211 3142 224 3187 ὁ
244 3133 319 3201 tem,
337 3128 447 3188 nostris
464 3128 582 3206 penitus
599 3127 767 3189 irretiamus
785 3129 949 3191 tendiculis.
969 3131 1167 3193 Resumenles

244 3234 331 3312 igitur
353 3233 502 3293 venabula
522 3240 637 3305 nostra,
660 3231 783 3294 dicimus
808 3234 887 3310 quod
907 3235 938 3294 in
959 3234 1039 3295 omni
1060 3253 1169 3312 genere

244 3361 347 3402 rerum
368 3359 462 3400 unum
489 3344 604 3417 oportet
630 3356 709 3410 esse,
736 3357 795 3414 quo
822 3336 940 3412 generis
965 3337 1042 3398 illius
1070 3336 1169 3397 omnia

246 3454 456 3526 comparentur
473 3454 502 3507 et
518 3447 733 3524 ponderentur,
750 3451 784 3506 ut
797 3443 876 3505 illinc
893 3444 1018 3508 aliorum
1036 3445 1170 3505 omnium

246 3572 420 3614 mensuram
444 3550 630 3628 accipiamus
656 3550 739 3613 Sicut
758 3550 789 3612 in
808 3569 933 3613 numero
955 3557 1063 3613 cuncta
1088 3572 1170 3615 men·
