<?xml version="1.0" encoding="UTF-8"?>
<!DOCTYPE html PUBLIC "-//W3C//DTD XHTML 1.0 Transitional//EN"
    "http://www.w3.org/TR/xhtml1/DTD/xhtml1-transitional.dtd">
<html xmlns="http://www.w3.org/1999/xhtml" xml:lang="en" lang="en">
 <head>
  <title>
</title>
<meta http-equiv="Content-Type" content="text/html;charset=utf-8" />
  <meta name='ocr-system' content='tesseract 3.04.00' />
  <meta name='ocr-capabilities' content='ocr_page ocr_carea ocr_par ocr_line ocrx_word'/>
</head>
<body>
  <div class='ocr_page' id='page_1' title='image "./operelatine00giulgoog_0047.png"; bbox 0 0 2560 4022; ppageno 0'>
   <div class='ocr_carea' id='block_1_1' title="bbox 262 189 926 250">
    <p class='ocr_par' dir='ltr' id='par_1_1' title="bbox 262 189 926 250">
     <span class='ocr_line' id='line_1_1' title="bbox 262 189 926 250; baseline -0.011 -2"><span class='ocrx_word' id='word_1_1' title='bbox 262 189 299 248; x_wconf 78' lang='lat'><strong>28</strong></span> <span class='ocrx_word' id='word_1_2' title='bbox 537 203 575 244; x_wconf 85' lang='lat' dir='ltr'><strong>on</strong></span> <span class='ocrx_word' id='word_1_3' title='bbox 592 201 718 244; x_wconf 77' lang='lat' dir='ltr'><strong>vacuam</strong></span> <span class='ocrx_word' id='word_1_4' title='bbox 735 200 926 250; x_wconf 80' lang='lat' dir='ltr'><strong>snoouaurn.</strong></span> 
     </span>
    </p>
   </div>
   <div class='ocr_carea' id='block_1_2' title="bbox 215 330 1273 3602">
    <p class='ocr_par' dir='ltr' id='par_1_2' title="bbox 215 330 1273 3602">
     <span class='ocr_line' id='line_1_2' title="bbox 264 330 1206 412; baseline 0.001 -19"><span class='ocrx_word' id='word_1_5' title='bbox 264 333 395 412; x_wconf 88' lang='lat' dir='ltr'><strong>priores,</strong></span> <span class='ocrx_word' id='word_1_6' title='bbox 414 340 444 394; x_wconf 93' lang='lat' dir='ltr'><strong>et</strong></span> <span class='ocrx_word' id='word_1_7' title='bbox 464 339 602 393; x_wconf 89' lang='lat' dir='ltr'><strong>avertens</strong></span> <span class='ocrx_word' id='word_1_8' title='bbox 620 331 721 393; x_wconf 89' lang='lat' dir='ltr'><strong>oculos</strong></span> <span class='ocrx_word' id='word_1_9' title='bbox 739 351 757 392; x_wconf 87' lang='lat' dir='ltr'><strong>a</strong></span> <span class='ocrx_word' id='word_1_10' title='bbox 777 330 935 406; x_wconf 92' lang='lat' dir='ltr'><strong>vibicibus,</strong></span> <span class='ocrx_word' id='word_1_11' title='bbox 957 351 1023 408; x_wconf 86' lang='lat' dir='ltr'><strong>quae</strong></span> <span class='ocrx_word' id='word_1_12' title='bbox 1041 339 1206 394; x_wconf 86' lang='lat' dir='ltr'><strong>remanse-</strong></span> 
     </span>
     <span class='ocr_line' id='line_1_3' title="bbox 225 437 1201 516; baseline 0.005 -22"><span class='ocrx_word' id='word_1_13' title='bbox 225 480 230 494; x_wconf 76' lang='grc'><strong>,</strong></span> <span class='ocrx_word' id='word_1_14' title='bbox 265 443 346 512; x_wconf 91' lang='lat' dir='ltr'><strong>rant,</strong></span> <span class='ocrx_word' id='word_1_15' title='bbox 364 438 450 499; x_wconf 92' lang='lat' dir='ltr'><strong>tertio</strong></span> <span class='ocrx_word' id='word_1_16' title='bbox 467 437 629 499; x_wconf 77' lang='lat' dir='ltr'><strong>insurrexit</strong></span> <span class='ocrx_word' id='word_1_17' title='bbox 646 439 684 498; x_wconf 86' lang='lat' dir='ltr'><strong>ad</strong></span> <span class='ocrx_word' id='word_1_18' title='bbox 701 437 829 498; x_wconf 90' lang='lat' dir='ltr'><strong>verbera</strong></span> <span class='ocrx_word' id='word_1_19' title='bbox 845 457 901 516; x_wconf 90' lang='lat' dir='ltr'><strong>per</strong></span> <span class='ocrx_word' id='word_1_20' title='bbox 918 437 1091 515; x_wconf 77' lang='lat' dir='ltr'><strong>superbiam</strong></span> <span class='ocrx_word' id='word_1_21' title='bbox 1107 457 1201 499; x_wconf 88' lang='lat' dir='ltr'><strong>suam</strong></span> 
     </span>
     <span class='ocr_line' id='line_1_4' title="bbox 267 544 1202 623; baseline -0.001 -15"><span class='ocrx_word' id='word_1_22' title='bbox 267 552 296 608; x_wconf 85' lang='lat' dir='ltr'><strong>et</strong></span> <span class='ocrx_word' id='word_1_23' title='bbox 320 544 475 606; x_wconf 75' lang='lat' dir='ltr'><strong>stultitiam</strong></span> <span class='ocrx_word' id='word_1_24' title='bbox 498 546 717 622; x_wconf 87' lang='lat' dir='ltr'><strong>praesumendo.</strong></span> <span class='ocrx_word' id='word_1_25' title='bbox 742 545 937 622; x_wconf 89' lang='lat' dir='ltr'><strong>Praesumpsit</strong></span> <span class='ocrx_word' id='word_1_26' title='bbox 961 564 1032 623; x_wconf 83' lang='lat' dir='ltr'><strong>ergo</strong></span> <span class='ocrx_word' id='word_1_27' title='bbox 1052 545 1083 605; x_wconf 93' lang='lat' dir='ltr'><strong>in</strong></span> <span class='ocrx_word' id='word_1_28' title='bbox 1104 547 1202 607; x_wconf 91' lang='lat' dir='ltr'><strong>corde</strong></span> 
     </span>
     <span class='ocr_line' id='line_1_5' title="bbox 266 649 1205 729; baseline 0.001 -17"><span class='ocrx_word' id='word_1_29' title='bbox 266 671 321 713; x_wconf 92' lang='lat' dir='ltr'><strong>suo</strong></span> <span class='ocrx_word' id='word_1_30' title='bbox 331 651 502 712; x_wconf 91' lang='lat' dir='ltr'><strong>incurabilis</strong></span> <span class='ocrx_word' id='word_1_31' title='bbox 512 652 615 725; x_wconf 91' lang='lat' dir='ltr'><strong>homo,</strong></span> <span class='ocrx_word' id='word_1_32' title='bbox 627 653 683 712; x_wconf 88' lang='lat' dir='ltr'><strong>sub</strong></span> <span class='ocrx_word' id='word_1_33' title='bbox 696 650 890 729; x_wconf 82' lang='lat' dir='ltr'><strong>persuasione</strong></span> <span class='ocrx_word' id='word_1_34' title='bbox 904 649 1050 728; x_wconf 84' lang='lat' dir='ltr'><strong>Gigantis,</strong></span> <span class='ocrx_word' id='word_1_35' title='bbox 1065 656 1129 712; x_wconf 89' lang='lat' dir='ltr'><strong>arte</strong></span> <span class='ocrx_word' id='word_1_36' title='bbox 1142 673 1205 713; x_wconf 90' lang='lat' dir='ltr'><strong>sua</strong></span> 
     </span>
     <span class='ocr_line' id='line_1_6' title="bbox 215 741 1273 836; baseline 0.004 -22"><span class='ocrx_word' id='word_1_37' title='bbox 215 770 247 815; x_wconf 77' lang='lat' dir='ltr'><strong>au</strong></span> <span class='ocrx_word' id='word_1_38' title='bbox 265 776 327 819; x_wconf 92' lang='lat' dir='ltr'><strong>non</strong></span> <span class='ocrx_word' id='word_1_39' title='bbox 347 757 446 818; x_wconf 90' lang='lat' dir='ltr'><strong>solum</strong></span> <span class='ocrx_word' id='word_1_40' title='bbox 467 777 610 836; x_wconf 91' lang='lat' dir='ltr'><strong>superare</strong></span> <span class='ocrx_word' id='word_1_41' title='bbox 627 743 786 830; x_wconf 72' lang='lat' dir='ltr'><strong>Naturam,</strong></span> <span class='ocrx_word' id='word_1_42' title='bbox 809 758 863 818; x_wconf 89' lang='lat' dir='ltr'><strong>sed</strong></span> <span class='ocrx_word' id='word_1_43' title='bbox 880 764 910 818; x_wconf 90' lang='lat' dir='ltr'><strong>et</strong></span> <span class='ocrx_word' id='word_1_44' title='bbox 929 760 1028 835; x_wconf 92' lang='lat' dir='ltr'><strong>ipsum</strong></span> <span class='ocrx_word' id='word_1_45' title='bbox 1048 759 1203 820; x_wconf 89' lang='lat' dir='ltr'><strong>Naturan·</strong></span> <span class='ocrx_word' id='word_1_46' title='bbox 1272 741 1273 746; x_wconf 8' lang='grc' dir='ltr'>ἵ</span> 
     </span>
     <span class='ocr_line' id='line_1_7' title="bbox 265 863 1203 942; baseline 0 -16"><span class='ocrx_word' id='word_1_47' title='bbox 265 869 341 938; x_wconf 88' lang='lat' dir='ltr'><strong>tem,</strong></span> <span class='ocrx_word' id='word_1_48' title='bbox 359 865 410 941; x_wconf 95' lang='lat' dir='ltr'><strong>qui</strong></span> <span class='ocrx_word' id='word_1_49' title='bbox 430 865 510 925; x_wconf 90' lang='lat' dir='ltr'><strong>Deus</strong></span> <span class='ocrx_word' id='word_1_50' title='bbox 532 870 594 940; x_wconf 89' lang='lat' dir='ltr'><strong>est;</strong></span> <span class='ocrx_word' id='word_1_51' title='bbox 616 873 645 926; x_wconf 92' lang='lat' dir='ltr'><strong>et</strong></span> <span class='ocrx_word' id='word_1_52' title='bbox 666 864 754 942; x_wconf 86' lang='lat' dir='ltr'><strong>coepit</strong></span> <span class='ocrx_word' id='word_1_53' title='bbox 776 863 923 925; x_wconf 76' lang='lat' dir='ltr'><strong>aedificare</strong></span> <span class='ocrx_word' id='word_1_54' title='bbox 944 864 1052 925; x_wconf 89' lang='lat' dir='ltr'><strong>turrim</strong></span> <span class='ocrx_word' id='word_1_55' title='bbox 1072 865 1103 926; x_wconf 93' lang='lat' dir='ltr'><strong>in</strong></span> <span class='ocrx_word' id='word_1_56' title='bbox 1124 867 1203 928; x_wconf 88' lang='lat' dir='ltr'><strong>Sen-</strong></span> 
     </span>
     <span class='ocr_line' id='line_1_8' title="bbox 266 970 1199 1048; baseline 0.004 -18"><span class='ocrx_word' id='word_1_57' title='bbox 266 987 357 1044; x_wconf 89' lang='lat' dir='ltr'><strong>naar,</strong></span> <span class='ocrx_word' id='word_1_58' title='bbox 379 989 445 1046; x_wconf 87' lang='lat' dir='ltr'><strong>quae</strong></span> <span class='ocrx_word' id='word_1_59' title='bbox 470 978 575 1048; x_wconf 91' lang='lat' dir='ltr'><strong>postea</strong></span> <span class='ocrx_word' id='word_1_60' title='bbox 596 970 674 1032; x_wconf 90' lang='lat' dir='ltr'><strong>dicta</strong></span> <span class='ocrx_word' id='word_1_61' title='bbox 700 979 745 1031; x_wconf 89' lang='lat' dir='ltr'><strong>est</strong></span> <span class='ocrx_word' id='word_1_62' title='bbox 764 970 870 1045; x_wconf 90' lang='lat' dir='ltr'><strong>Babel,</strong></span> <span class='ocrx_word' id='word_1_63' title='bbox 896 972 954 1033; x_wconf 90' lang='lat' dir='ltr'><strong>boc</strong></span> <span class='ocrx_word' id='word_1_64' title='bbox 982 981 1028 1036; x_wconf 86' lang='lat' dir='ltr'><strong>est</strong></span> <span class='ocrx_word' id='word_1_65' title='bbox 1048 973 1199 1048; x_wconf 87' lang='lat' dir='ltr'><strong>confusio,</strong></span> 
     </span>
     <span class='ocr_line' id='line_1_9' title="bbox 266 1077 1202 1154; baseline 0.007 -19"><span class='ocrx_word' id='word_1_66' title='bbox 266 1094 321 1154; x_wconf 85' lang='lat' dir='ltr'><strong>per</strong></span> <span class='ocrx_word' id='word_1_67' title='bbox 336 1094 428 1153; x_wconf 90' lang='lat' dir='ltr'><strong>quam</strong></span> <span class='ocrx_word' id='word_1_68' title='bbox 443 1077 549 1136; x_wconf 85' lang='lat' dir='ltr'><strong>caelum</strong></span> <span class='ocrx_word' id='word_1_69' title='bbox 566 1078 707 1154; x_wconf 81' lang='lat' dir='ltr'><strong>sperabat</strong></span> <span class='ocrx_word' id='word_1_70' title='bbox 721 1079 899 1140; x_wconf 88' lang='lat' dir='ltr'><strong>ascendere:</strong></span> <span class='ocrx_word' id='word_1_71' title='bbox 915 1078 1073 1142; x_wconf 87' lang='lat' dir='ltr'><strong>intendens</strong></span> <span class='ocrx_word' id='word_1_72' title='bbox 1087 1081 1202 1142; x_wconf 91' lang='lat' dir='ltr'><strong>inscius</strong></span> 
     </span>
     <span class='ocr_line' id='line_1_10' title="bbox 267 1185 1203 1262; baseline 0.002 -16"><span class='ocrx_word' id='word_1_73' title='bbox 267 1201 329 1246; x_wconf 86' lang='lat' dir='ltr'><strong>non</strong></span> <span class='ocrx_word' id='word_1_74' title='bbox 340 1201 472 1259; x_wconf 89' lang='lat' dir='ltr'><strong>aequare,</strong></span> <span class='ocrx_word' id='word_1_75' title='bbox 485 1185 539 1243; x_wconf 90' lang='lat' dir='ltr'><strong>sed</strong></span> <span class='ocrx_word' id='word_1_76' title='bbox 551 1204 640 1245; x_wconf 90' lang='lat' dir='ltr'><strong>suum</strong></span> <span class='ocrx_word' id='word_1_77' title='bbox 649 1203 792 1262; x_wconf 90' lang='lat' dir='ltr'><strong>superare</strong></span> <span class='ocrx_word' id='word_1_78' title='bbox 804 1186 971 1247; x_wconf 82' lang='lat' dir='ltr'><strong>Fautorem.</strong></span> <span class='ocrx_word' id='word_1_79' title='bbox 981 1188 1029 1248; x_wconf 93' lang='lat' dir='ltr'><strong>Oh</strong></span> <span class='ocrx_word' id='word_1_80' title='bbox 1041 1187 1105 1250; x_wconf 90' lang='lat' dir='ltr'><strong>sine</strong></span> <span class='ocrx_word' id='word_1_81' title='bbox 1115 1209 1203 1249; x_wconf 93' lang='lat' dir='ltr'><strong>men-</strong></span> 
     </span>
     <span class='ocr_line' id='line_1_11' title="bbox 220 1289 1206 1370; baseline 0.013 -29"><span class='ocrx_word' id='word_1_82' title='bbox 220 1297 248 1342; x_wconf 77' lang='lat' dir='ltr'><strong>at</strong></span> <span class='ocrx_word' id='word_1_83' title='bbox 269 1305 342 1352; x_wconf 87' lang='lat' dir='ltr'><strong>sura</strong></span> <span class='ocrx_word' id='word_1_84' title='bbox 363 1289 521 1349; x_wconf 89' lang='lat' dir='ltr'><strong>clementia</strong></span> <span class='ocrx_word' id='word_1_85' title='bbox 547 1291 672 1350; x_wconf 86' lang='lat' dir='ltr'><strong>caelestis</strong></span> <span class='ocrx_word' id='word_1_86' title='bbox 699 1290 831 1368; x_wconf 84' lang='lat' dir='ltr'><strong>imperiii</strong></span> <span class='ocrx_word' id='word_1_87' title='bbox 852 1291 918 1368; x_wconf 92' lang='lat' dir='ltr'><strong>quis</strong></span> <span class='ocrx_word' id='word_1_88' title='bbox 939 1300 1024 1370; x_wconf 89' lang='lat' dir='ltr'><strong>pater</strong></span> <span class='ocrx_word' id='word_1_89' title='bbox 1049 1302 1093 1356; x_wconf 88' lang='lat' dir='ltr'><strong>tot</strong></span> <span class='ocrx_word' id='word_1_90' title='bbox 1114 1295 1206 1356; x_wconf 89' lang='lat' dir='ltr'><strong>susti-</strong></span> 
     </span>
     <span class='ocr_line' id='line_1_12' title="bbox 269 1394 1202 1472; baseline 0.001 -16"><span class='ocrx_word' id='word_1_91' title='bbox 269 1403 354 1456; x_wconf 88' lang='lat' dir='ltr'><strong>neret</strong></span> <span class='ocrx_word' id='word_1_92' title='bbox 373 1395 501 1456; x_wconf 89' lang='lat' dir='ltr'><strong>insultus</strong></span> <span class='ocrx_word' id='word_1_93' title='bbox 523 1415 541 1456; x_wconf 91' lang='lat' dir='ltr'><strong>a</strong></span> <span class='ocrx_word' id='word_1_94' title='bbox 561 1394 641 1456; x_wconf 81' lang='lat' dir='ltr'><strong>filio?</strong></span> <span class='ocrx_word' id='word_1_95' title='bbox 661 1395 721 1456; x_wconf 88' lang='lat' dir='ltr'><strong>Sed</strong></span> <span class='ocrx_word' id='word_1_96' title='bbox 743 1413 904 1472; x_wconf 81' lang='lat' dir='ltr'><strong>exurgens,</strong></span> <span class='ocrx_word' id='word_1_97' title='bbox 926 1415 988 1455; x_wconf 90' lang='lat' dir='ltr'><strong>non</strong></span> <span class='ocrx_word' id='word_1_98' title='bbox 1002 1396 1101 1456; x_wconf 88' lang='lat' dir='ltr'><strong>hostili</strong></span> <span class='ocrx_word' id='word_1_99' title='bbox 1112 1397 1202 1458; x_wconf 89' lang='lat' dir='ltr'><strong>scuti·</strong></span> 
     </span>
     <span class='ocr_line' id='line_1_13' title="bbox 270 1479 1203 1580; baseline -0.004 -16"><span class='ocrx_word' id='word_1_100' title='bbox 270 1521 318 1576; x_wconf 89' lang='lat' dir='ltr'><strong>ca,</strong></span> <span class='ocrx_word' id='word_1_101' title='bbox 331 1503 385 1564; x_wconf 89' lang='lat' dir='ltr'><strong>sed</strong></span> <span class='ocrx_word' id='word_1_102' title='bbox 398 1511 534 1580; x_wconf 90' lang='lat' dir='ltr'><strong>paterna,</strong></span> <span class='ocrx_word' id='word_1_103' title='bbox 548 1479 654 1563; x_wconf 61' lang='lat' dir='ltr'><strong>et⁹aliis</strong></span> <span class='ocrx_word' id='word_1_104' title='bbox 668 1500 842 1562; x_wconf 90' lang='lat' dir='ltr'><strong>verberibus</strong></span> <span class='ocrx_word' id='word_1_105' title='bbox 856 1507 990 1573; x_wconf 90' lang='lat' dir='ltr'><strong>assueta,</strong></span> <span class='ocrx_word' id='word_1_106' title='bbox 1002 1501 1203 1561; x_wconf 87' lang='lat' dir='ltr'><strong>rebellantem</strong></span> 
     </span>
     <span class='ocr_line' id='line_1_14' title="bbox 268 1605 1202 1686; baseline -0.002 -18"><span class='ocrx_word' id='word_1_107' title='bbox 268 1607 362 1668; x_wconf 91' lang='lat' dir='ltr'><strong>lilium</strong></span> <span class='ocrx_word' id='word_1_108' title='bbox 389 1607 438 1686; x_wconf 91' lang='lat' dir='ltr'><strong>pia</strong></span> <span class='ocrx_word' id='word_1_109' title='bbox 467 1608 669 1680; x_wconf 83' lang='lat' dir='ltr'><strong>correctione,</strong></span> <span class='ocrx_word' id='word_1_110' title='bbox 696 1626 815 1667; x_wconf 85' lang='lat' dir='ltr'><strong>necnon</strong></span> <span class='ocrx_word' id='word_1_111' title='bbox 844 1605 1048 1680; x_wconf 87' lang='lat' dir='ltr'><strong>memorabili,</strong></span> <span class='ocrx_word' id='word_1_112' title='bbox 1075 1606 1202 1683; x_wconf 86' lang='lat' dir='ltr'><strong>castiga·</strong></span> 
     </span>
     <span class='ocr_line' id='line_1_15' title="bbox 269 1700 1203 1793; baseline 0 -19"><span class='ocrx_word' id='word_1_113' title='bbox 269 1713 319 1775; x_wconf 92' lang='lat' dir='ltr'><strong>vit.</strong></span> <span class='ocrx_word' id='word_1_114' title='bbox 349 1714 503 1792; x_wconf 89' lang='lat' dir='ltr'><strong>Siquidem</strong></span> <span class='ocrx_word' id='word_1_115' title='bbox 533 1734 610 1793; x_wconf 91' lang='lat' dir='ltr'><strong>pene</strong></span> <span class='ocrx_word' id='word_1_116' title='bbox 635 1700 733 1776; x_wconf 87' lang='lat' dir='ltr'><strong>totum</strong></span> <span class='ocrx_word' id='word_1_117' title='bbox 758 1714 925 1773; x_wconf 90' lang='lat' dir='ltr'><strong>humanum</strong></span> <span class='ocrx_word' id='word_1_118' title='bbox 947 1733 1042 1790; x_wconf 85' lang='lat' dir='ltr'><strong>genus</strong></span> <span class='ocrx_word' id='word_1_119' title='bbox 1065 1715 1103 1774; x_wconf 90' lang='lat' dir='ltr'><strong>ad</strong></span> <span class='ocrx_word' id='word_1_120' title='bbox 1124 1733 1203 1792; x_wconf 88' lang='lat' dir='ltr'><strong>opus</strong></span> 
     </span>
     <span class='ocr_line' id='line_1_16' title="bbox 217 1819 1204 1901; baseline -0.003 -18"><span class='ocrx_word' id='word_1_121' title='bbox 217 1827 250 1872; x_wconf 67' lang='lat'><strong>30</strong></span> <span class='ocrx_word' id='word_1_122' title='bbox 269 1821 430 1900; x_wconf 89' lang='lat' dir='ltr'><strong>iniquitatis</strong></span> <span class='ocrx_word' id='word_1_123' title='bbox 458 1824 587 1901; x_wconf 88' lang='lat' dir='ltr'><strong>cojerat;</strong></span> <span class='ocrx_word' id='word_1_124' title='bbox 613 1841 684 1900; x_wconf 89' lang='lat' dir='ltr'><strong>pars</strong></span> <span class='ocrx_word' id='word_1_125' title='bbox 708 1821 908 1898; x_wconf 87' lang='lat' dir='ltr'><strong>imperabant,</strong></span> <span class='ocrx_word' id='word_1_126' title='bbox 934 1839 1004 1898; x_wconf 92' lang='lat' dir='ltr'><strong>pars</strong></span> <span class='ocrx_word' id='word_1_127' title='bbox 1029 1819 1204 1880; x_wconf 87' lang='lat' dir='ltr'><strong>architecta-</strong></span> 
     </span>
     <span class='ocr_line' id='line_1_17' title="bbox 269 1926 1204 2006; baseline -0.001 -16"><span class='ocrx_word' id='word_1_128' title='bbox 269 1931 391 2002; x_wconf 86' lang='lat' dir='ltr'><strong>bantnr,</strong></span> <span class='ocrx_word' id='word_1_129' title='bbox 413 1948 483 2006; x_wconf 91' lang='lat' dir='ltr'><strong>pars</strong></span> <span class='ocrx_word' id='word_1_130' title='bbox 510 1947 614 1988; x_wconf 90' lang='lat' dir='ltr'><strong>muros</strong></span> <span class='ocrx_word' id='word_1_131' title='bbox 635 1929 846 2001; x_wconf 85' lang='lat' dir='ltr'><strong>moliebantur,</strong></span> <span class='ocrx_word' id='word_1_132' title='bbox 867 1946 938 2005; x_wconf 90' lang='lat' dir='ltr'><strong>pars</strong></span> <span class='ocrx_word' id='word_1_133' title='bbox 962 1926 1132 1988; x_wconf 85' lang='lat' dir='ltr'><strong>amussibus</strong></span> <span class='ocrx_word' id='word_1_134' title='bbox 1161 1937 1204 1989; x_wconf 91' lang='lat' dir='ltr'><strong>te·</strong></span> 
     </span>
     <span class='ocr_line' id='line_1_18' title="bbox 270 2027 1202 2114; baseline 0.002 -18"><span class='ocrx_word' id='word_1_135' title='bbox 270 2037 426 2111; x_wconf 81' lang='lat' dir='ltr'><strong>gulabant,</strong></span> <span class='ocrx_word' id='word_1_136' title='bbox 451 2053 520 2110; x_wconf 88' lang='lat' dir='ltr'><strong>pars</strong></span> <span class='ocrx_word' id='word_1_137' title='bbox 542 2033 638 2094; x_wconf 88' lang='lat' dir='ltr'><strong>trullis</strong></span> <span class='ocrx_word' id='word_1_138' title='bbox 664 2033 810 2108; x_wconf 90' lang='lat' dir='ltr'><strong>linebant,</strong></span> <span class='ocrx_word' id='word_1_139' title='bbox 838 2055 909 2113; x_wconf 88' lang='lat' dir='ltr'><strong>pars</strong></span> <span class='ocrx_word' id='word_1_140' title='bbox 935 2027 1071 2098; x_wconf 71' lang='lat' dir='ltr'><strong>s‘cindere</strong></span> <span class='ocrx_word' id='word_1_141' title='bbox 1095 2055 1202 2114; x_wconf 91' lang='lat' dir='ltr'><strong>rupes,</strong></span> 
     </span>
     <span class='ocr_line' id='line_1_19' title="bbox 271 2139 1203 2222; baseline 0.005 -22"><span class='ocrx_word' id='word_1_142' title='bbox 271 2160 341 2218; x_wconf 87' lang='lat' dir='ltr'><strong>pars</strong></span> <span class='ocrx_word' id='word_1_143' title='bbox 363 2139 453 2211; x_wconf 91' lang='lat' dir='ltr'><strong>mari,</strong></span> <span class='ocrx_word' id='word_1_144' title='bbox 478 2158 548 2216; x_wconf 91' lang='lat' dir='ltr'><strong>pars</strong></span> <span class='ocrx_word' id='word_1_145' title='bbox 571 2144 657 2200; x_wconf 83' lang='lat' dir='ltr'><strong>terrae</strong></span> <span class='ocrx_word' id='word_1_146' title='bbox 678 2140 874 2204; x_wconf 85' lang='lat' dir='ltr'><strong>intendebant</strong></span> <span class='ocrx_word' id='word_1_147' title='bbox 894 2144 1002 2205; x_wconf 91' lang='lat' dir='ltr'><strong>vehere</strong></span> <span class='ocrx_word' id='word_1_148' title='bbox 1009 2189 1016 2218; x_wconf 93' lang='lat'><strong>,</strong></span> <span class='ocrx_word' id='word_1_149' title='bbox 1038 2152 1203 2222; x_wconf 89' lang='lat' dir='ltr'><strong>partesque</strong></span> 
     </span>
     <span class='ocr_line' id='line_1_20' title="bbox 270 2245 1204 2327; baseline 0.006 -21"><span class='ocrx_word' id='word_1_150' title='bbox 270 2246 394 2306; x_wconf 85' lang='lat' dir='ltr'><strong>diversae</strong></span> <span class='ocrx_word' id='word_1_151' title='bbox 411 2245 535 2306; x_wconf 89' lang='lat' dir='ltr'><strong>diversis</strong></span> <span class='ocrx_word' id='word_1_152' title='bbox 550 2245 614 2306; x_wconf 89' lang='lat' dir='ltr'><strong>aliis</strong></span> <span class='ocrx_word' id='word_1_153' title='bbox 630 2247 768 2324; x_wconf 90' lang='lat' dir='ltr'><strong>operibus</strong></span> <span class='ocrx_word' id='word_1_154' title='bbox 783 2248 990 2327; x_wconf 83' lang='lat' dir='ltr'><strong>indulgebant,</strong></span> <span class='ocrx_word' id='word_1_155' title='bbox 1006 2271 1076 2324; x_wconf 88' lang='lat' dir='ltr'><strong>cum</strong></span> <span class='ocrx_word' id='word_1_156' title='bbox 1088 2252 1204 2313; x_wconf 85' lang='lat' dir='ltr'><strong>caelitus</strong></span> 
     </span>
     <span class='ocr_line' id='line_1_21' title="bbox 219 2351 1203 2434; baseline 0.015 -29"><span class='ocrx_word' id='word_1_157' title='bbox 219 2361 248 2406; x_wconf 71' lang='lat' dir='ltr'><strong>aa</strong></span> <span class='ocrx_word' id='word_1_158' title='bbox 268 2358 353 2414; x_wconf 90' lang='lat' dir='ltr'><strong>tanta</strong></span> <span class='ocrx_word' id='word_1_159' title='bbox 362 2351 536 2412; x_wconf 80' lang='lat' dir='ltr'><strong>confusione</strong></span> <span class='ocrx_word' id='word_1_160' title='bbox 545 2353 680 2428; x_wconf 88' lang='lat' dir='ltr'><strong>percussi</strong></span> <span class='ocrx_word' id='word_1_161' title='bbox 691 2363 774 2428; x_wconf 89' lang='lat' dir='ltr'><strong>sunt,</strong></span> <span class='ocrx_word' id='word_1_162' title='bbox 789 2357 882 2434; x_wconf 90' lang='lat' dir='ltr'><strong>utqui</strong></span> <span class='ocrx_word' id='word_1_163' title='bbox 893 2377 999 2418; x_wconf 90' lang='lat' dir='ltr'><strong>omnes</strong></span> <span class='ocrx_word' id='word_1_164' title='bbox 1012 2377 1072 2419; x_wconf 87' lang='lat' dir='ltr'><strong>una</strong></span> <span class='ocrx_word' id='word_1_165' title='bbox 1083 2359 1203 2420; x_wconf 90' lang='lat' dir='ltr'><strong>eadem·</strong></span> 
     </span>
     <span class='ocr_line' id='line_1_22' title="bbox 272 2457 1205 2543; baseline 0.009 -24"><span class='ocrx_word' id='word_1_166' title='bbox 272 2477 330 2536; x_wconf 92' lang='lat' dir='ltr'><strong>que</strong></span> <span class='ocrx_word' id='word_1_167' title='bbox 345 2457 465 2534; x_wconf 88' lang='lat' dir='ltr'><strong>loquela</strong></span> <span class='ocrx_word' id='word_1_168' title='bbox 482 2458 689 2522; x_wconf 88' lang='lat' dir='ltr'><strong>deserviebant</strong></span> <span class='ocrx_word' id='word_1_169' title='bbox 705 2463 744 2522; x_wconf 91' lang='lat' dir='ltr'><strong>ad</strong></span> <span class='ocrx_word' id='word_1_170' title='bbox 762 2483 850 2540; x_wconf 91' lang='lat' dir='ltr'><strong>opus,</strong></span> <span class='ocrx_word' id='word_1_171' title='bbox 869 2465 908 2536; x_wconf 84' lang='lat' dir='ltr'><strong>ab</strong></span> <span class='ocrx_word' id='word_1_172' title='bbox 930 2484 1021 2543; x_wconf 90' lang='lat' dir='ltr'><strong>opere</strong></span> <span class='ocrx_word' id='word_1_173' title='bbox 1042 2465 1142 2527; x_wconf 89' lang='lat' dir='ltr'><strong>multis</strong></span> <span class='ocrx_word' id='word_1_174' title='bbox 1161 2465 1205 2527; x_wconf 92' lang='lat' dir='ltr'><strong>di·</strong></span> 
     </span>
     <span class='ocr_line' id='line_1_23' title="bbox 271 2564 1204 2650; baseline 0.006 -22"><span class='ocrx_word' id='word_1_175' title='bbox 271 2564 429 2628; x_wconf 77' lang='lat' dir='ltr'><strong>versificali</strong></span> <span class='ocrx_word' id='word_1_176' title='bbox 452 2565 578 2644; x_wconf 88' lang='lat' dir='ltr'><strong>loquelis</strong></span> <span class='ocrx_word' id='word_1_177' title='bbox 603 2568 789 2645; x_wconf 85' lang='lat' dir='ltr'><strong>desinerent,</strong></span> <span class='ocrx_word' id='word_1_178' title='bbox 816 2580 845 2634; x_wconf 87' lang='lat' dir='ltr'><strong>et</strong></span> <span class='ocrx_word' id='word_1_179' title='bbox 876 2592 1033 2650; x_wconf 91' lang='lat' dir='ltr'><strong>nunquam</strong></span> <span class='ocrx_word' id='word_1_180' title='bbox 1057 2574 1096 2633; x_wconf 93' lang='lat' dir='ltr'><strong>ad</strong></span> <span class='ocrx_word' id='word_1_181' title='bbox 1123 2573 1204 2634; x_wconf 88' lang='lat' dir='ltr'><strong>idem</strong></span> 
     </span>
     <span class='ocr_line' id='line_1_24' title="bbox 271 2673 1203 2741; baseline 0.01 -9"><span class='ocrx_word' id='word_1_182' title='bbox 271 2673 481 2735; x_wconf 86' lang='lat' dir='ltr'><strong>commercium</strong></span> <span class='ocrx_word' id='word_1_183' title='bbox 507 2676 708 2739; x_wconf 88' lang='lat' dir='ltr'><strong>convenirent.</strong></span> <span class='ocrx_word' id='word_1_184' title='bbox 731 2679 806 2740; x_wconf 89' lang='lat' dir='ltr'><strong>Solis</strong></span> <span class='ocrx_word' id='word_1_185' title='bbox 828 2679 938 2741; x_wconf 90' lang='lat' dir='ltr'><strong>etenim</strong></span> <span class='ocrx_word' id='word_1_186' title='bbox 957 2679 988 2740; x_wconf 94' lang='lat' dir='ltr'><strong>in</strong></span> <span class='ocrx_word' id='word_1_187' title='bbox 1014 2700 1075 2741; x_wconf 91' lang='lat' dir='ltr'><strong>uno</strong></span> <span class='ocrx_word' id='word_1_188' title='bbox 1096 2699 1203 2741; x_wconf 90' lang='lat' dir='ltr'><strong>conve-</strong></span> 
     </span>
     <span class='ocr_line' id='line_1_25' title="bbox 272 2761 1203 2865; baseline 0.011 -29"><span class='ocrx_word' id='word_1_189' title='bbox 272 2775 421 2837; x_wconf 81' lang='lat' dir='ltr'><strong>aientibus</strong></span> <span class='ocrx_word' id='word_1_190' title='bbox 443 2784 511 2838; x_wconf 86' lang='lat' dir='ltr'><strong>actu</strong></span> <span class='ocrx_word' id='word_1_191' title='bbox 536 2780 643 2840; x_wconf 92' lang='lat' dir='ltr'><strong>eadem</strong></span> <span class='ocrx_word' id='word_1_192' title='bbox 662 2783 782 2860; x_wconf 90' lang='lat' dir='ltr'><strong>loquela</strong></span> <span class='ocrx_word' id='word_1_193' title='bbox 802 2785 960 2860; x_wconf 88' lang='lat' dir='ltr'><strong>remansit,</strong></span> <span class='ocrx_word' id='word_1_194' title='bbox 986 2761 1059 2865; x_wconf 77' lang='lat' dir='ltr'><strong>puta</strong></span> <span class='ocrx_word' id='word_1_195' title='bbox 1086 2787 1203 2848; x_wconf 83' lang='lat' dir='ltr'><strong>cunctis</strong></span> 
     </span>
     <span class='ocr_line' id='line_1_26' title="bbox 222 2883 1202 2967; baseline 0.009 -24"><span class='ocrx_word' id='word_1_196' title='bbox 222 2897 253 2943; x_wconf 79' lang='lat'><strong>40</strong></span> <span class='ocrx_word' id='word_1_197' title='bbox 272 2883 518 2948; x_wconf 85' lang='lat' dir='ltr'><strong>architectoribus</strong></span> <span class='ocrx_word' id='word_1_198' title='bbox 535 2907 606 2962; x_wconf 91' lang='lat' dir='ltr'><strong>una,</strong></span> <span class='ocrx_word' id='word_1_199' title='bbox 623 2891 737 2950; x_wconf 90' lang='lat' dir='ltr'><strong>cunctis</strong></span> <span class='ocrx_word' id='word_1_200' title='bbox 752 2910 826 2952; x_wconf 90' lang='lat' dir='ltr'><strong>saxa</strong></span> <span class='ocrx_word' id='word_1_201' title='bbox 840 2893 1026 2954; x_wconf 89' lang='lat' dir='ltr'><strong>volventibus</strong></span> <span class='ocrx_word' id='word_1_202' title='bbox 1040 2913 1114 2967; x_wconf 89' lang='lat' dir='ltr'><strong>una,</strong></span> <span class='ocrx_word' id='word_1_203' title='bbox 1133 2913 1202 2953; x_wconf 91' lang='lat' dir='ltr'><strong>cun·</strong></span> 
     </span>
     <span class='ocr_line' id='line_1_27' title="bbox 224 2991 1202 3074; baseline 0.005 -23"><span class='ocrx_word' id='word_1_204' title='bbox 224 3027 226 3034; x_wconf 69' lang='lat'><strong>,</strong></span> <span class='ocrx_word' id='word_1_205' title='bbox 273 2991 329 3052; x_wconf 88' lang='lat' dir='ltr'><strong>ctis</strong></span> <span class='ocrx_word' id='word_1_206' title='bbox 350 3010 386 3052; x_wconf 92' lang='lat' dir='ltr'><strong>ea</strong></span> <span class='ocrx_word' id='word_1_207' title='bbox 406 2991 580 3070; x_wconf 88' lang='lat' dir='ltr'><strong>parantibus</strong></span> <span class='ocrx_word' id='word_1_208' title='bbox 597 3011 670 3066; x_wconf 87' lang='lat' dir='ltr'><strong>una,</strong></span> <span class='ocrx_word' id='word_1_209' title='bbox 692 2993 784 3054; x_wconf 88' lang='lat' dir='ltr'><strong>etsie</strong></span> <span class='ocrx_word' id='word_1_210' title='bbox 806 2995 844 3055; x_wconf 90' lang='lat' dir='ltr'><strong>de</strong></span> <span class='ocrx_word' id='word_1_211' title='bbox 864 2996 986 3073; x_wconf 81' lang='lat' dir='ltr'><strong>singulis</strong></span> <span class='ocrx_word' id='word_1_212' title='bbox 1009 2996 1202 3074; x_wconf 87' lang='lat' dir='ltr'><strong>operantibus</strong></span> 
     </span>
     <span class='ocr_line' id='line_1_28' title="bbox 274 3095 1202 3174; baseline 0.002 -18"><span class='ocrx_word' id='word_1_213' title='bbox 274 3095 389 3156; x_wconf 87' lang='lat' dir='ltr'><strong>accidit.</strong></span> <span class='ocrx_word' id='word_1_214' title='bbox 413 3096 565 3174; x_wconf 87' lang='lat' dir='ltr'><strong>Quotquot</strong></span> <span class='ocrx_word' id='word_1_215' title='bbox 585 3103 687 3156; x_wconf 90' lang='lat' dir='ltr'><strong>autem</strong></span> <span class='ocrx_word' id='word_1_216' title='bbox 708 3096 838 3158; x_wconf 88' lang='lat' dir='ltr'><strong>exercitii</strong></span> <span class='ocrx_word' id='word_1_217' title='bbox 857 3097 1014 3160; x_wconf 87' lang='lat' dir='ltr'><strong>varietates</strong></span> <span class='ocrx_word' id='word_1_218' title='bbox 1038 3098 1202 3160; x_wconf 86' lang='lat' dir='ltr'><strong>tendebant</strong></span> 
     </span>
     <span class='ocr_line' id='line_1_29' title="bbox 275 3191 1203 3286; baseline 0.005 -21"><span class='ocrx_word' id='word_1_219' title='bbox 275 3205 314 3265; x_wconf 89' lang='lat' dir='ltr'><strong>ad</strong></span> <span class='ocrx_word' id='word_1_220' title='bbox 331 3222 423 3282; x_wconf 89' lang='lat' dir='ltr'><strong>opus,</strong></span> <span class='ocrx_word' id='word_1_221' title='bbox 441 3211 485 3266; x_wconf 90' lang='lat' dir='ltr'><strong>tot</strong></span> <span class='ocrx_word' id='word_1_222' title='bbox 503 3213 547 3266; x_wconf 89' lang='lat' dir='ltr'><strong>tot</strong></span> <span class='ocrx_word' id='word_1_223' title='bbox 562 3205 752 3268; x_wconf 87' lang='lat' dir='ltr'><strong>idiomatibus</strong></span> <span class='ocrx_word' id='word_1_224' title='bbox 769 3191 846 3271; x_wconf 42' lang='lat' dir='ltr'><strong>tunc·</strong></span> <span class='ocrx_word' id='word_1_225' title='bbox 857 3228 951 3286; x_wconf 80' lang='lat' dir='ltr'><strong>genus</strong></span> <span class='ocrx_word' id='word_1_226' title='bbox 965 3210 1132 3271; x_wconf 91' lang='lat' dir='ltr'><strong>humanum</strong></span> <span class='ocrx_word' id='word_1_227' title='bbox 1146 3209 1203 3270; x_wconf 89' lang='lat' dir='ltr'><strong>dis·</strong></span> 
     </span>
     <span class='ocr_line' id='line_1_30' title="bbox 275 3305 1203 3390; baseline 0.012 -24"><span class='ocrx_word' id='word_1_228' title='bbox 275 3305 421 3384; x_wconf 79' lang='lat' dir='ltr'><strong>jungitur3</strong></span> <span class='ocrx_word' id='word_1_229' title='bbox 444 3315 473 3368; x_wconf 89' lang='lat' dir='ltr'><strong>et</strong></span> <span class='ocrx_word' id='word_1_230' title='bbox 494 3313 607 3385; x_wconf 91' lang='lat' dir='ltr'><strong>quanto</strong></span> <span class='ocrx_word' id='word_1_231' title='bbox 625 3310 815 3373; x_wconf 86' lang='lat' dir='ltr'><strong>excellentius</strong></span> <span class='ocrx_word' id='word_1_232' title='bbox 838 3316 1035 3390; x_wconf 84' lang='lat' dir='ltr'><strong>exercebant,</strong></span> <span class='ocrx_word' id='word_1_233' title='bbox 1052 3323 1137 3378; x_wconf 88' lang='lat' dir='ltr'><strong>tanto</strong></span> <span class='ocrx_word' id='word_1_234' title='bbox 1157 3336 1203 3377; x_wconf 90' lang='lat' dir='ltr'><strong>ru·</strong></span> 
     </span>
     <span class='ocr_line' id='line_1_31' title="bbox 225 3419 1203 3499; baseline 0.002 -19"><span class='ocrx_word' id='word_1_235' title='bbox 225 3434 254 3480; x_wconf 76' lang='lat'><strong>45</strong></span> <span class='ocrx_word' id='word_1_236' title='bbox 273 3419 340 3482; x_wconf 90' lang='lat' dir='ltr'><strong>dius</strong></span> <span class='ocrx_word' id='word_1_237' title='bbox 357 3439 437 3480; x_wconf 89' lang='lat' dir='ltr'><strong>nunc</strong></span> <span class='ocrx_word' id='word_1_238' title='bbox 459 3424 488 3481; x_wconf 85' lang='lat' dir='ltr'><strong>et</strong></span> <span class='ocrx_word' id='word_1_239' title='bbox 505 3420 661 3482; x_wconf 87' lang='lat' dir='ltr'><strong>barbarius</strong></span> <span class='ocrx_word' id='word_1_240' title='bbox 682 3422 854 3499; x_wconf 90' lang='lat' dir='ltr'><strong>loquuntur.</strong></span> <span class='ocrx_word' id='word_1_241' title='bbox 877 3423 991 3496; x_wconf 89' lang='lat' dir='ltr'><strong>Quibus</strong></span> <span class='ocrx_word' id='word_1_242' title='bbox 1013 3427 1116 3482; x_wconf 89' lang='lat' dir='ltr'><strong>autem</strong></span> <span class='ocrx_word' id='word_1_243' title='bbox 1137 3441 1203 3483; x_wconf 90' lang='lat' dir='ltr'><strong>san·</strong></span> 
     </span>
     <span class='ocr_line' id='line_1_32' title="bbox 275 3525 1204 3602; baseline 0.004 -16"><span class='ocrx_word' id='word_1_244' title='bbox 275 3530 356 3587; x_wconf 89' lang='lat' dir='ltr'><strong>ctum</strong></span> <span class='ocrx_word' id='word_1_245' title='bbox 378 3525 488 3589; x_wconf 91' lang='lat' dir='ltr'><strong>idioma</strong></span> <span class='ocrx_word' id='word_1_246' title='bbox 513 3527 672 3602; x_wconf 86' lang='lat' dir='ltr'><strong>remansit,</strong></span> <span class='ocrx_word' id='word_1_247' title='bbox 698 3545 755 3590; x_wconf 91' lang='lat' dir='ltr'><strong>nec</strong></span> <span class='ocrx_word' id='word_1_248' title='bbox 780 3527 923 3602; x_wconf 90' lang='lat' dir='ltr'><strong>aderant,</strong></span> <span class='ocrx_word' id='word_1_249' title='bbox 948 3546 1005 3589; x_wconf 91' lang='lat' dir='ltr'><strong>nec</strong></span> <span class='ocrx_word' id='word_1_250' title='bbox 1030 3525 1204 3590; x_wconf 83' lang='lat' dir='ltr'><strong>exercitium</strong></span> 
     </span>
    </p>
   </div>
   <div class='ocr_carea' id='block_1_3' title="bbox 0 0 1290 4022">
    <p class='ocr_par' dir='ltr' id='par_1_3' title="bbox 0 0 1290 4022">
     <span class='ocr_line' id='line_1_33' title="bbox 0 0 1290 4022; baseline 0 0"><span class='ocrx_word' id='word_1_251' title='bbox 0 0 1290 4022; x_wconf 95' lang='lat' dir='ltr'><strong> </strong></span> 
     </span>
    </p>
   </div>
  </div>
 </body>
</html>
