<?xml version="1.0" encoding="UTF-8"?>
<!DOCTYPE html PUBLIC "-//W3C//DTD XHTML 1.0 Transitional//EN"
    "http://www.w3.org/TR/xhtml1/DTD/xhtml1-transitional.dtd">
<html xmlns="http://www.w3.org/1999/xhtml" xml:lang="en" lang="en">
 <head>
  <title>
</title>
<meta http-equiv="Content-Type" content="text/html;charset=utf-8" />
  <meta name='ocr-system' content='tesseract 3.04.00' />
  <meta name='ocr-capabilities' content='ocr_page ocr_carea ocr_par ocr_line ocrx_word'/>
</head>
<body>
  <div class='ocr_page' id='page_1' title='image "./operelatine00giulgoog_0303.png"; bbox 0 0 2578 4038; ppageno 0'>
   <div class='ocr_carea' id='block_1_1' title="bbox 258 207 844 263">
    <p class='ocr_par' dir='ltr' id='par_1_1' title="bbox 258 207 844 263">
     <span class='ocr_line' id='line_1_1' title="bbox 258 207 844 263; baseline -0.022 0"><span class='ocrx_word' id='word_1_1' title='bbox 258 207 313 263; x_wconf 74' lang='lat'>284</span> <span class='ocrx_word' id='word_1_2' title='bbox 610 213 648 256; x_wconf 82' lang='lat' dir='ltr'>ne</span> <span class='ocrx_word' id='word_1_3' title='bbox 664 211 844 254; x_wconf 78' lang='lat' dir='ltr'>nounncuu.</span> 
     </span>
    </p>
   </div>
   <div class='ocr_carea' id='block_1_2' title="bbox 260 341 1195 528">
    <p class='ocr_par' dir='ltr' id='par_1_2' title="bbox 260 341 1195 528">
     <span class='ocr_line' id='line_1_2' title="bbox 260 341 1195 423; baseline 0 -16"><span class='ocrx_word' id='word_1_4' title='bbox 260 345 370 408; x_wconf 88' lang='lat' dir='ltr'>talibus</span> <span class='ocrx_word' id='word_1_5' title='bbox 388 343 543 405; x_wconf 89' lang='lat' dir='ltr'>Directivis</span> <span class='ocrx_word' id='word_1_6' title='bbox 560 363 622 404; x_wconf 89' lang='lat' dir='ltr'>non</span> <span class='ocrx_word' id='word_1_7' title='bbox 638 341 821 420; x_wconf 81' lang='lat' dir='ltr'>indiguisset.</span> <span class='ocrx_word' id='word_1_8' title='bbox 839 343 916 405; x_wconf 87' lang='lat' dir='ltr'>Sunt</span> <span class='ocrx_word' id='word_1_9' title='bbox 933 363 1004 420; x_wconf 82' lang='lat' dir='ltr'>ergo</span> <span class='ocrx_word' id='word_1_10' title='bbox 1017 345 1195 423; x_wconf 88' lang='lat' dir='ltr'>hujusmodi</span> 
     </span>
     <span class='ocr_line' id='line_1_3' title="bbox 262 446 1195 528; baseline -0.001 -16"><span class='ocrx_word' id='word_1_11' title='bbox 262 450 418 528; x_wconf 83' lang='lat' dir='ltr'>Regimina</span> <span class='ocrx_word' id='word_1_12' title='bbox 438 447 571 509; x_wconf 84' lang='lat' dir='ltr'>remedia</span> <span class='ocrx_word' id='word_1_13' title='bbox 596 453 701 508; x_wconf 90' lang='lat' dir='ltr'>contra</span> <span class='ocrx_word' id='word_1_14' title='bbox 720 446 925 508; x_wconf 84' lang='lat' dir='ltr'>infirmitatem</span> <span class='ocrx_word' id='word_1_15' title='bbox 945 450 1071 526; x_wconf 90' lang='lat' dir='ltr'>peccati.</span> <span class='ocrx_word' id='word_1_16' title='bbox 1094 450 1195 523; x_wconf 88' lang='lat' dir='ltr'>Quum</span> 
     </span>
    </p>
   </div>
   <div class='ocr_carea' id='block_1_3' title="bbox 192 557 1264 3606">
    <p class='ocr_par' dir='ltr' id='par_1_3' title="bbox 213 557 1196 1269">
     <span class='ocr_line' id='line_1_4' title="bbox 261 557 1194 640; baseline -0.002 -16"><span class='ocrx_word' id='word_1_17' title='bbox 261 582 332 640; x_wconf 83' lang='lat' dir='ltr'>ergo</span> <span class='ocrx_word' id='word_1_18' title='bbox 345 581 407 622; x_wconf 92' lang='lat' dir='ltr'>non</span> <span class='ocrx_word' id='word_1_19' title='bbox 423 560 521 621; x_wconf 91' lang='lat' dir='ltr'>solum</span> <span class='ocrx_word' id='word_1_20' title='bbox 536 557 566 618; x_wconf 91' lang='lat' dir='ltr'>in</span> <span class='ocrx_word' id='word_1_21' title='bbox 582 558 630 619; x_wconf 93' lang='lat' dir='ltr'>die</span> <span class='ocrx_word' id='word_1_22' title='bbox 645 563 753 636; x_wconf 88' lang='lat' dir='ltr'>quarto</span> <span class='ocrx_word' id='word_1_23' title='bbox 766 567 908 638; x_wconf 88' lang='lat' dir='ltr'>peccator</span> <span class='ocrx_word' id='word_1_24' title='bbox 921 559 1023 622; x_wconf 89' lang='lat' dir='ltr'>Homo</span> <span class='ocrx_word' id='word_1_25' title='bbox 1037 580 1101 622; x_wconf 88' lang='lat' dir='ltr'>non</span> <span class='ocrx_word' id='word_1_26' title='bbox 1116 568 1194 636; x_wconf 87' lang='lat' dir='ltr'>erat,</span> 
     </span>
     <span class='ocr_line' id='line_1_5' title="bbox 240 665 1195 752; baseline -0.006 -22"><span class='ocrx_word' id='word_1_27' title='bbox 240 669 316 752; x_wconf 81' lang='lat' dir='ltr'>¹sed</span> <span class='ocrx_word' id='word_1_28' title='bbox 336 667 427 728; x_wconf 87' lang='lat' dir='ltr'>etiam</span> <span class='ocrx_word' id='word_1_29' title='bbox 449 667 623 743; x_wconf 79' lang='lat' dir='ltr'>simpliciter</span> <span class='ocrx_word' id='word_1_30' title='bbox 646 665 745 725; x_wconf 89' lang='lat' dir='ltr'><strong>Homo</strong></span> <span class='ocrx_word' id='word_1_31' title='bbox 772 684 834 724; x_wconf 89' lang='lat' dir='ltr'>non</span> <span class='ocrx_word' id='word_1_32' title='bbox 859 669 934 737; x_wconf 82' lang='lat' dir='ltr'>eret,</span> <span class='ocrx_word' id='word_1_33' title='bbox 956 665 1126 741; x_wconf 90' lang='lat' dir='ltr'>producere</span> <span class='ocrx_word' id='word_1_34' title='bbox 1149 683 1195 724; x_wconf 88' lang='lat' dir='ltr'>re·</span> 
     </span>
     <span class='ocr_line' id='line_1_6' title="bbox 213 765 1196 846; baseline -0.01 -10"><span class='ocrx_word' id='word_1_35' title='bbox 213 791 241 836; x_wconf 74' lang='lat' dir='ltr'>ss</span> <span class='ocrx_word' id='word_1_36' title='bbox 261 775 362 838; x_wconf 89' lang='lat' dir='ltr'>media</span> <span class='ocrx_word' id='word_1_37' title='bbox 381 775 488 834; x_wconf 86' lang='lat' dir='ltr'>fuisset</span> <span class='ocrx_word' id='word_1_38' title='bbox 504 771 645 832; x_wconf 90' lang='lat' dir='ltr'>otiosum:</span> <span class='ocrx_word' id='word_1_39' title='bbox 661 768 742 846; x_wconf 88' lang='lat' dir='ltr'>quod</span> <span class='ocrx_word' id='word_1_40' title='bbox 762 772 808 828; x_wconf 90' lang='lat' dir='ltr'>est</span> <span class='ocrx_word' id='word_1_41' title='bbox 829 774 935 828; x_wconf 86' lang='lat' dir='ltr'>contra</span> <span class='ocrx_word' id='word_1_42' title='bbox 952 765 1086 826; x_wconf 86' lang='lat' dir='ltr'>divinam</span> <span class='ocrx_word' id='word_1_43' title='bbox 1105 767 1196 826; x_wconf 90' lang='lat' dir='ltr'>Boni·</span> 
     </span>
     <span class='ocr_line' id='line_1_7' title="bbox 261 871 1195 949; baseline -0.012 -4"><span class='ocrx_word' id='word_1_44' title='bbox 261 890 364 945; x_wconf 86' lang='lat' dir='ltr'>tatem.</span> <span class='ocrx_word' id='word_1_45' title='bbox 379 881 494 942; x_wconf 77' lang='lat' dir='ltr'><strong>Stultus</strong></span> <span class='ocrx_word' id='word_1_46' title='bbox 513 879 624 939; x_wconf 79' lang='lat' dir='ltr'>etenim</span> <span class='ocrx_word' id='word_1_47' title='bbox 641 880 722 936; x_wconf 89' lang='lat' dir='ltr'>esset</span> <span class='ocrx_word' id='word_1_48' title='bbox 738 874 886 946; x_wconf 87' lang='lat' dir='ltr'>medicus,</span> <span class='ocrx_word' id='word_1_49' title='bbox 904 871 1043 949; x_wconf 86' lang='lat' dir='ltr'>quiante</span> <span class='ocrx_word' id='word_1_50' title='bbox 1060 872 1195 934; x_wconf 86' lang='lat' dir='ltr'>nativita-</span> 
     </span>
     <span class='ocr_line' id='line_1_8' title="bbox 259 979 1195 1060; baseline -0.005 -13"><span class='ocrx_word' id='word_1_51' title='bbox 259 993 323 1048; x_wconf 88' lang='lat' dir='ltr'>tem</span> <span class='ocrx_word' id='word_1_52' title='bbox 346 982 486 1054; x_wconf 89' lang='lat' dir='ltr'>hominis,</span> <span class='ocrx_word' id='word_1_53' title='bbox 508 1001 563 1060; x_wconf 90' lang='lat' dir='ltr'>pro</span> <span class='ocrx_word' id='word_1_54' title='bbox 584 984 771 1058; x_wconf 79' lang='lat' dir='ltr'>apostemate</span> <span class='ocrx_word' id='word_1_55' title='bbox 792 979 908 1052; x_wconf 83' lang='lat' dir='ltr'>futuro,</span> <span class='ocrx_word' id='word_1_56' title='bbox 929 979 970 1040; x_wconf 91' lang='lat' dir='ltr'>illi</span> <span class='ocrx_word' id='word_1_57' title='bbox 994 980 1195 1058; x_wconf 85' lang='lat' dir='ltr'>emplastrum</span> 
     </span>
     <span class='ocr_line' id='line_1_9' title="bbox 260 1085 1194 1164; baseline -0.002 -16"><span class='ocrx_word' id='word_1_58' title='bbox 260 1087 430 1148; x_wconf 91' lang='lat' dir='ltr'>conficeret.</span> <span class='ocrx_word' id='word_1_59' title='bbox 452 1085 519 1145; x_wconf 90' lang='lat' dir='ltr'>Non</span> <span class='ocrx_word' id='word_1_60' title='bbox 540 1085 629 1162; x_wconf 82' lang='lat' dir='ltr'>igitur</span> <span class='ocrx_word' id='word_1_61' title='bbox 649 1085 810 1146; x_wconf 89' lang='lat' dir='ltr'>dicendum</span> <span class='ocrx_word' id='word_1_62' title='bbox 831 1091 890 1160; x_wconf 88' lang='lat' dir='ltr'>est,</span> <span class='ocrx_word' id='word_1_63' title='bbox 913 1088 994 1164; x_wconf 88' lang='lat' dir='ltr'>quod</span> <span class='ocrx_word' id='word_1_64' title='bbox 1016 1091 1126 1164; x_wconf 89' lang='lat' dir='ltr'>quarto</span> <span class='ocrx_word' id='word_1_65' title='bbox 1147 1085 1194 1146; x_wconf 89' lang='lat' dir='ltr'>die</span> 
     </span>
     <span class='ocr_line' id='line_1_10' title="bbox 259 1189 1194 1269; baseline -0.001 -16"><span class='ocrx_word' id='word_1_66' title='bbox 259 1192 341 1253; x_wconf 91' lang='lat' dir='ltr'>Deus</span> <span class='ocrx_word' id='word_1_67' title='bbox 357 1191 422 1250; x_wconf 84' lang='lat' dir='ltr'>haec</span> <span class='ocrx_word' id='word_1_68' title='bbox 442 1191 500 1250; x_wconf 92' lang='lat' dir='ltr'>duo</span> <span class='ocrx_word' id='word_1_69' title='bbox 515 1189 670 1267; x_wconf 84' lang='lat' dir='ltr'>Regimina</span> <span class='ocrx_word' id='word_1_70' title='bbox 684 1190 799 1250; x_wconf 86' lang='lat' dir='ltr'>fecerit:</span> <span class='ocrx_word' id='word_1_71' title='bbox 815 1197 845 1251; x_wconf 91' lang='lat' dir='ltr'>et</span> <span class='ocrx_word' id='word_1_72' title='bbox 857 1211 912 1269; x_wconf 87' lang='lat' dir='ltr'>per</span> <span class='ocrx_word' id='word_1_73' title='bbox 929 1209 1132 1268; x_wconf 62' lang='lat' dir='ltr'>consequens</span> <span class='ocrx_word' id='word_1_74' title='bbox 1150 1191 1194 1252; x_wconf 88' lang='lat' dir='ltr'>in·</span> 
     </span>
    </p>

    <p class='ocr_par' dir='ltr' id='par_1_4' title="bbox 210 1294 1070 1374">
     <span class='ocr_line' id='line_1_11' title="bbox 210 1294 1070 1374; baseline -0.002 -18"><span class='ocrx_word' id='word_1_75' title='bbox 210 1311 241 1356; x_wconf 82' lang='lat' dir='ltr'>oo</span> <span class='ocrx_word' id='word_1_76' title='bbox 260 1297 352 1358; x_wconf 89' lang='lat' dir='ltr'>tentio</span> <span class='ocrx_word' id='word_1_77' title='bbox 369 1297 465 1374; x_wconf 86' lang='lat' dir='ltr'>Moysi</span> <span class='ocrx_word' id='word_1_78' title='bbox 481 1315 549 1357; x_wconf 91' lang='lat' dir='ltr'>esse</span> <span class='ocrx_word' id='word_1_79' title='bbox 566 1315 627 1356; x_wconf 90' lang='lat' dir='ltr'>non</span> <span class='ocrx_word' id='word_1_80' title='bbox 644 1294 740 1374; x_wconf 90' lang='lat' dir='ltr'>potuit</span> <span class='ocrx_word' id='word_1_81' title='bbox 755 1295 817 1367; x_wconf 86' lang='lat' dir='ltr'>illa,</span> <span class='ocrx_word' id='word_1_82' title='bbox 835 1314 928 1372; x_wconf 82' lang='lat' dir='ltr'>quem</span> <span class='ocrx_word' id='word_1_83' title='bbox 944 1294 1070 1371; x_wconf 85' lang='lat' dir='ltr'>fingunt.</span> 
     </span>
    </p>

    <p class='ocr_par' dir='ltr' id='par_1_5' title="bbox 258 1398 1195 1798">
     <span class='ocr_line' id='line_1_12' title="bbox 341 1398 1195 1476; baseline -0.005 -14"><span class='ocrx_word' id='word_1_84' title='bbox 341 1403 446 1464; x_wconf 87' lang='lat' dir='ltr'>Potest</span> <span class='ocrx_word' id='word_1_85' title='bbox 462 1402 553 1461; x_wconf 88' lang='lat' dir='ltr'>etiam</span> <span class='ocrx_word' id='word_1_86' title='bbox 572 1401 631 1461; x_wconf 91' lang='lat' dir='ltr'>hoc</span> <span class='ocrx_word' id='word_1_87' title='bbox 656 1399 862 1473; x_wconf 84' lang='lat' dir='ltr'>mendacium,</span> <span class='ocrx_word' id='word_1_88' title='bbox 883 1401 1054 1472; x_wconf 89' lang='lat' dir='ltr'>tolerando,</span> <span class='ocrx_word' id='word_1_89' title='bbox 1077 1417 1133 1476; x_wconf 88' lang='lat' dir='ltr'>per</span> <span class='ocrx_word' id='word_1_90' title='bbox 1153 1398 1195 1459; x_wconf 92' lang='lat' dir='ltr'>di·</span> 
     </span>
     <span class='ocr_line' id='line_1_13' title="bbox 259 1505 1194 1583; baseline -0.01 -11"><span class='ocrx_word' id='word_1_91' title='bbox 259 1509 450 1572; x_wconf 89' lang='lat' dir='ltr'>stinctionem</span> <span class='ocrx_word' id='word_1_92' title='bbox 468 1508 597 1570; x_wconf 84' lang='lat' dir='ltr'>dissolvi.</span> <span class='ocrx_word' id='word_1_93' title='bbox 612 1506 710 1567; x_wconf 85' lang='lat' dir='ltr'>Mitior</span> <span class='ocrx_word' id='word_1_94' title='bbox 726 1525 858 1583; x_wconf 88' lang='lat' dir='ltr'>namque</span> <span class='ocrx_word' id='word_1_95' title='bbox 876 1505 969 1566; x_wconf 88' lang='lat' dir='ltr'>estin</span> <span class='ocrx_word' id='word_1_96' title='bbox 986 1505 1194 1566; x_wconf 86' lang='lat' dir='ltr'>adversarium</span> 
     </span>
     <span class='ocr_line' id='line_1_14' title="bbox 260 1609 1194 1688; baseline -0.009 -11"><span class='ocrx_word' id='word_1_97' title='bbox 260 1615 367 1677; x_wconf 88' lang='lat' dir='ltr'>solutio</span> <span class='ocrx_word' id='word_1_98' title='bbox 385 1614 569 1688; x_wconf 89' lang='lat' dir='ltr'>distinctiva;</span> <span class='ocrx_word' id='word_1_99' title='bbox 586 1633 648 1673; x_wconf 91' lang='lat' dir='ltr'>non</span> <span class='ocrx_word' id='word_1_100' title='bbox 665 1610 745 1672; x_wconf 90' lang='lat' dir='ltr'>enim</span> <span class='ocrx_word' id='word_1_101' title='bbox 761 1610 883 1672; x_wconf 90' lang='lat' dir='ltr'>omnino</span> <span class='ocrx_word' id='word_1_102' title='bbox 900 1610 1050 1672; x_wconf 90' lang='lat' dir='ltr'>mentiens</span> <span class='ocrx_word' id='word_1_103' title='bbox 1068 1628 1138 1670; x_wconf 90' lang='lat' dir='ltr'>esse</span> <span class='ocrx_word' id='word_1_104' title='bbox 1156 1609 1194 1669; x_wconf 84' lang='lat' dir='ltr'>ri·</span> 
     </span>
     <span class='ocr_line' id='line_1_15' title="bbox 258 1715 1190 1798; baseline -0.01 -14"><span class='ocrx_word' id='word_1_105' title='bbox 258 1725 358 1798; x_wconf 89' lang='lat' dir='ltr'>detur,</span> <span class='ocrx_word' id='word_1_106' title='bbox 381 1722 457 1784; x_wconf 89' lang='lat' dir='ltr'>sicut</span> <span class='ocrx_word' id='word_1_107' title='bbox 478 1717 687 1796; x_wconf 90' lang='lat' dir='ltr'>interemptiva</span> <span class='ocrx_word' id='word_1_108' title='bbox 702 1717 787 1778; x_wconf 92' lang='lat' dir='ltr'>illum</span> <span class='ocrx_word' id='word_1_109' title='bbox 806 1715 899 1776; x_wconf 85' lang='lat' dir='ltr'>videri</span> <span class='ocrx_word' id='word_1_110' title='bbox 915 1715 992 1776; x_wconf 89' lang='lat' dir='ltr'>facit.</span> <span class='ocrx_word' id='word_1_111' title='bbox 1011 1715 1084 1777; x_wconf 89' lang='lat' dir='ltr'>Dico</span> <span class='ocrx_word' id='word_1_112' title='bbox 1106 1734 1190 1793; x_wconf 79' lang='lat' dir='ltr'>ergo,</span> 
     </span>
    </p>

    <p class='ocr_par' dir='ltr' id='par_1_6' title="bbox 192 1823 1264 3606">
     <span class='ocr_line' id='line_1_16' title="bbox 210 1823 1193 1912; baseline -0.007 -24"><span class='ocrx_word' id='word_1_113' title='bbox 210 1844 238 1888; x_wconf 80' lang='lat' dir='ltr'>os</span> <span class='ocrx_word' id='word_1_114' title='bbox 259 1831 427 1912; x_wconf 90' lang='lat' dir='ltr'>quodlicet</span> <span class='ocrx_word' id='word_1_115' title='bbox 443 1825 530 1890; x_wconf 84' lang='lat' dir='ltr'>Luna</span> <span class='ocrx_word' id='word_1_116' title='bbox 544 1848 607 1890; x_wconf 89' lang='lat' dir='ltr'>non</span> <span class='ocrx_word' id='word_1_117' title='bbox 620 1828 731 1888; x_wconf 89' lang='lat' dir='ltr'>habeat</span> <span class='ocrx_word' id='word_1_118' title='bbox 748 1827 847 1888; x_wconf 86' lang='lat' dir='ltr'>lucem</span> <span class='ocrx_word' id='word_1_119' title='bbox 864 1826 1066 1897; x_wconf 84' lang='lat' dir='ltr'>abundanter,</span> <span class='ocrx_word' id='word_1_120' title='bbox 1084 1823 1144 1883; x_wconf 90' lang='lat' dir='ltr'>nisi</span> <span class='ocrx_word' id='word_1_121' title='bbox 1160 1827 1193 1882; x_wconf 89' lang='lat' dir='ltr'>ut</span> 
     </span>
     <span class='ocr_line' id='line_1_17' title="bbox 258 1927 1193 2014; baseline -0.012 -13"><span class='ocrx_word' id='word_1_122' title='bbox 258 1961 277 2001; x_wconf 89' lang='lat' dir='ltr'>a</span> <span class='ocrx_word' id='word_1_123' title='bbox 298 1940 368 2000; x_wconf 86' lang='lat' dir='ltr'>Sole</span> <span class='ocrx_word' id='word_1_124' title='bbox 395 1936 511 2014; x_wconf 84' lang='lat' dir='ltr'>recipit:</span> <span class='ocrx_word' id='word_1_125' title='bbox 539 1955 600 1996; x_wconf 90' lang='lat' dir='ltr'>non</span> <span class='ocrx_word' id='word_1_126' title='bbox 626 1941 748 2012; x_wconf 87' lang='lat' dir='ltr'>propter</span> <span class='ocrx_word' id='word_1_127' title='bbox 771 1933 830 1994; x_wconf 91' lang='lat' dir='ltr'>hoc</span> <span class='ocrx_word' id='word_1_128' title='bbox 853 1927 999 2009; x_wconf 87' lang='lat' dir='ltr'>sequitur,</span> <span class='ocrx_word' id='word_1_129' title='bbox 1024 1931 1105 2007; x_wconf 89' lang='lat' dir='ltr'>quod</span> <span class='ocrx_word' id='word_1_130' title='bbox 1124 1928 1193 2007; x_wconf 89' lang='lat' dir='ltr'>ipsa</span> 
     </span>
     <span class='ocr_line' id='line_1_18' title="bbox 259 2035 1192 2114; baseline -0.01 -11"><span class='ocrx_word' id='word_1_131' title='bbox 259 2045 344 2103; x_wconf 87' lang='lat' dir='ltr'>Luna</span> <span class='ocrx_word' id='word_1_132' title='bbox 361 2043 399 2102; x_wconf 91' lang='lat' dir='ltr'>sit</span> <span class='ocrx_word' id='word_1_133' title='bbox 417 2062 436 2101; x_wconf 90' lang='lat' dir='ltr'>a</span> <span class='ocrx_word' id='word_1_134' title='bbox 453 2041 530 2101; x_wconf 91' lang='lat' dir='ltr'>Sole.</span> <span class='ocrx_word' id='word_1_135' title='bbox 550 2040 635 2100; x_wconf 88' lang='lat' dir='ltr'>Unde</span> <span class='ocrx_word' id='word_1_136' title='bbox 657 2038 826 2111; x_wconf 88' lang='lat' dir='ltr'>sciendum,</span> <span class='ocrx_word' id='word_1_137' title='bbox 848 2036 929 2114; x_wconf 88' lang='lat' dir='ltr'>quod</span> <span class='ocrx_word' id='word_1_138' title='bbox 950 2035 1030 2096; x_wconf 86' lang='lat' dir='ltr'>eliud</span> <span class='ocrx_word' id='word_1_139' title='bbox 1054 2039 1101 2094; x_wconf 89' lang='lat' dir='ltr'>est</span> <span class='ocrx_word' id='word_1_140' title='bbox 1122 2053 1192 2096; x_wconf 88' lang='lat' dir='ltr'>esse</span> 
     </span>
     <span class='ocr_line' id='line_1_19' title="bbox 256 2145 1193 2226; baseline 0 -18"><span class='ocrx_word' id='word_1_141' title='bbox 256 2147 350 2226; x_wconf 88' lang='lat' dir='ltr'>ipsius</span> <span class='ocrx_word' id='word_1_142' title='bbox 367 2149 472 2222; x_wconf 80' lang='lat' dir='ltr'>Lunae,</span> <span class='ocrx_word' id='word_1_143' title='bbox 491 2145 571 2208; x_wconf 91' lang='lat' dir='ltr'>aliud</span> <span class='ocrx_word' id='word_1_144' title='bbox 587 2145 681 2208; x_wconf 87' lang='lat' dir='ltr'>virtus</span> <span class='ocrx_word' id='word_1_145' title='bbox 699 2149 764 2226; x_wconf 87' lang='lat' dir='ltr'>ejus</span> <span class='ocrx_word' id='word_1_146' title='bbox 770 2193 777 2222; x_wconf 92' lang='lat'>,</span> <span class='ocrx_word' id='word_1_147' title='bbox 797 2153 826 2210; x_wconf 89' lang='lat' dir='ltr'>et</span> <span class='ocrx_word' id='word_1_148' title='bbox 843 2149 923 2210; x_wconf 92' lang='lat' dir='ltr'>aliud</span> <span class='ocrx_word' id='word_1_149' title='bbox 942 2145 1070 2226; x_wconf 88' lang='lat' dir='ltr'>operari.</span> <span class='ocrx_word' id='word_1_150' title='bbox 1089 2147 1193 2220; x_wconf 88' lang='lat' dir='ltr'>Quan-</span> 
     </span>
     <span class='ocr_line' id='line_1_20' title="bbox 257 2253 1264 2335; baseline -0.002 -21"><span class='ocrx_word' id='word_1_151' title='bbox 257 2260 323 2314; x_wconf 91' lang='lat' dir='ltr'>tum</span> <span class='ocrx_word' id='word_1_152' title='bbox 339 2257 385 2313; x_wconf 90' lang='lat' dir='ltr'>est</span> <span class='ocrx_word' id='word_1_153' title='bbox 407 2253 445 2313; x_wconf 87' lang='lat' dir='ltr'>ad</span> <span class='ocrx_word' id='word_1_154' title='bbox 467 2271 550 2328; x_wconf 88' lang='lat' dir='ltr'>esse,</span> <span class='ocrx_word' id='word_1_155' title='bbox 572 2253 654 2314; x_wconf 87' lang='lat' dir='ltr'>nullo</span> <span class='ocrx_word' id='word_1_156' title='bbox 678 2257 769 2316; x_wconf 91' lang='lat' dir='ltr'>modo</span> <span class='ocrx_word' id='word_1_157' title='bbox 791 2255 876 2316; x_wconf 87' lang='lat' dir='ltr'>Luna</span> <span class='ocrx_word' id='word_1_158' title='bbox 903 2257 1054 2335; x_wconf 88' lang='lat' dir='ltr'>dependet</span> <span class='ocrx_word' id='word_1_159' title='bbox 1069 2276 1088 2316; x_wconf 87' lang='lat' dir='ltr'>a</span> <span class='ocrx_word' id='word_1_160' title='bbox 1104 2256 1190 2329; x_wconf 91' lang='lat' dir='ltr'>Sole,</span> <span class='ocrx_word' id='word_1_161' title='bbox 1260 2303 1264 2312; x_wconf 91' lang='lat'>.</span> 
     </span>
     <span class='ocr_line' id='line_1_21' title="bbox 194 2361 1190 2442; baseline 0.007 -25"><span class='ocrx_word' id='word_1_162' title='bbox 194 2371 237 2418; x_wconf 76' lang='lat'>100</span> <span class='ocrx_word' id='word_1_163' title='bbox 257 2379 314 2421; x_wconf 91' lang='lat' dir='ltr'>nec</span> <span class='ocrx_word' id='word_1_164' title='bbox 331 2361 421 2422; x_wconf 88' lang='lat' dir='ltr'>etiam</span> <span class='ocrx_word' id='word_1_165' title='bbox 439 2367 586 2438; x_wconf 88' lang='lat' dir='ltr'>quantum</span> <span class='ocrx_word' id='word_1_166' title='bbox 603 2363 641 2422; x_wconf 90' lang='lat' dir='ltr'>ad</span> <span class='ocrx_word' id='word_1_167' title='bbox 657 2361 810 2436; x_wconf 86' lang='lat' dir='ltr'>virtutem,</span> <span class='ocrx_word' id='word_1_168' title='bbox 829 2381 886 2423; x_wconf 88' lang='lat' dir='ltr'>nec</span> <span class='ocrx_word' id='word_1_169' title='bbox 903 2367 1052 2440; x_wconf 88' lang='lat' dir='ltr'>quantum</span> <span class='ocrx_word' id='word_1_170' title='bbox 1068 2364 1107 2424; x_wconf 86' lang='lat' dir='ltr'>ad</span> <span class='ocrx_word' id='word_1_171' title='bbox 1121 2383 1190 2442; x_wconf 89' lang='lat' dir='ltr'>ope·</span> 
     </span>
     <span class='ocr_line' id='line_1_22' title="bbox 258 2466 1191 2546; baseline 0.001 -19"><span class='ocrx_word' id='word_1_172' title='bbox 258 2466 405 2528; x_wconf 85' lang='lat' dir='ltr'>rationem</span> <span class='ocrx_word' id='word_1_173' title='bbox 420 2466 608 2546; x_wconf 86' lang='lat' dir='ltr'>simpliciter:</span> <span class='ocrx_word' id='word_1_174' title='bbox 627 2466 697 2544; x_wconf 88' lang='lat' dir='ltr'>quia</span> <span class='ocrx_word' id='word_1_175' title='bbox 713 2471 814 2528; x_wconf 89' lang='lat' dir='ltr'>motus</span> <span class='ocrx_word' id='word_1_176' title='bbox 832 2469 897 2544; x_wconf 89' lang='lat' dir='ltr'>ejus</span> <span class='ocrx_word' id='word_1_177' title='bbox 912 2472 957 2528; x_wconf 89' lang='lat' dir='ltr'>est</span> <span class='ocrx_word' id='word_1_178' title='bbox 971 2487 990 2527; x_wconf 90' lang='lat' dir='ltr'>a</span> <span class='ocrx_word' id='word_1_179' title='bbox 1004 2467 1119 2528; x_wconf 88' lang='lat' dir='ltr'>Motore</span> <span class='ocrx_word' id='word_1_180' title='bbox 1132 2468 1191 2546; x_wconf 89' lang='lat' dir='ltr'>pri-</span> 
     </span>
     <span class='ocr_line' id='line_1_23' title="bbox 208 2567 1191 2651; baseline 0.009 -22"><span class='ocrx_word' id='word_1_181' title='bbox 208 2571 211 2578; x_wconf 91' lang='lat'>&#39;</span> <span class='ocrx_word' id='word_1_182' title='bbox 257 2589 319 2643; x_wconf 86' lang='lat' dir='ltr'>me,</span> <span class='ocrx_word' id='word_1_183' title='bbox 338 2574 368 2630; x_wconf 91' lang='lat' dir='ltr'>et</span> <span class='ocrx_word' id='word_1_184' title='bbox 384 2567 541 2630; x_wconf 80' lang='lat' dir='ltr'>influentia</span> <span class='ocrx_word' id='word_1_185' title='bbox 558 2589 614 2630; x_wconf 86' lang='lat' dir='ltr'>sua</span> <span class='ocrx_word' id='word_1_186' title='bbox 632 2576 713 2631; x_wconf 87' lang='lat' dir='ltr'>esta</span> <span class='ocrx_word' id='word_1_187' title='bbox 734 2572 860 2651; x_wconf 88' lang='lat' dir='ltr'>propriis</span> <span class='ocrx_word' id='word_1_188' title='bbox 883 2574 945 2634; x_wconf 91' lang='lat' dir='ltr'>suis</span> <span class='ocrx_word' id='word_1_189' title='bbox 969 2574 1074 2636; x_wconf 88' lang='lat' dir='ltr'>radiis:</span> <span class='ocrx_word' id='word_1_190' title='bbox 1097 2575 1191 2638; x_wconf 83' lang='lat' dir='ltr'>habet</span> 
     </span>
     <span class='ocr_line' id='line_1_24' title="bbox 240 2671 1195 2757; baseline 0.008 -21"><span class='ocrx_word' id='word_1_191' title='bbox 240 2671 338 2736; x_wconf 87' lang='lat' dir='ltr'>&#39;enim</span> <span class='ocrx_word' id='word_1_192' title='bbox 355 2675 487 2753; x_wconf 86' lang='lat' dir='ltr'>aliquam</span> <span class='ocrx_word' id='word_1_193' title='bbox 504 2677 601 2738; x_wconf 90' lang='lat' dir='ltr'>lucem</span> <span class='ocrx_word' id='word_1_194' title='bbox 619 2695 656 2736; x_wconf 84' lang='lat' dir='ltr'>ex</span> <span class='ocrx_word' id='word_1_195' title='bbox 677 2696 721 2749; x_wconf 90' lang='lat' dir='ltr'>se,</span> <span class='ocrx_word' id='word_1_196' title='bbox 745 2683 779 2738; x_wconf 91' lang='lat' dir='ltr'>ut</span> <span class='ocrx_word' id='word_1_197' title='bbox 798 2677 830 2738; x_wconf 91' lang='lat' dir='ltr'>in</span> <span class='ocrx_word' id='word_1_198' title='bbox 851 2680 916 2756; x_wconf 88' lang='lat' dir='ltr'>ejus</span> <span class='ocrx_word' id='word_1_199' title='bbox 941 2681 1045 2757; x_wconf 88' lang='lat' dir='ltr'>eclipsi</span> <span class='ocrx_word' id='word_1_200' title='bbox 1070 2682 1195 2744; x_wconf 74' lang='lat' dir='ltr'>manile</span> 
     </span>
     <span class='ocr_line' id='line_1_25' title="bbox 257 2783 1189 2868; baseline 0.01 -26"><span class='ocrx_word' id='word_1_201' title='bbox 257 2789 339 2842; x_wconf 89' lang='lat' dir='ltr'>stum</span> <span class='ocrx_word' id='word_1_202' title='bbox 358 2788 415 2842; x_wconf 86' lang='lat' dir='ltr'>est.</span> <span class='ocrx_word' id='word_1_203' title='bbox 441 2783 501 2842; x_wconf 87' lang='lat' dir='ltr'>Sed</span> <span class='ocrx_word' id='word_1_204' title='bbox 528 2789 676 2860; x_wconf 88' lang='lat' dir='ltr'>quantum</span> <span class='ocrx_word' id='word_1_205' title='bbox 696 2783 735 2843; x_wconf 86' lang='lat' dir='ltr'>ad</span> <span class='ocrx_word' id='word_1_206' title='bbox 757 2783 863 2844; x_wconf 87' lang='lat' dir='ltr'>melius</span> <span class='ocrx_word' id='word_1_207' title='bbox 885 2791 916 2846; x_wconf 92' lang='lat' dir='ltr'>et</span> <span class='ocrx_word' id='word_1_208' title='bbox 938 2785 1099 2848; x_wconf 85' lang='lat' dir='ltr'>virtuosius</span> <span class='ocrx_word' id='word_1_209' title='bbox 1121 2809 1189 2868; x_wconf 89' lang='lat' dir='ltr'>ope·</span> 
     </span>
     <span class='ocr_line' id='line_1_26' title="bbox 195 2888 1189 2976; baseline 0.007 -26"><span class='ocrx_word' id='word_1_210' title='bbox 195 2905 238 2951; x_wconf 80' lang='lat'>105</span> <span class='ocrx_word' id='word_1_211' title='bbox 257 2890 400 2970; x_wconf 88' lang='lat' dir='ltr'>randum,</span> <span class='ocrx_word' id='word_1_212' title='bbox 418 2888 523 2968; x_wconf 87' lang='lat' dir='ltr'>recipit</span> <span class='ocrx_word' id='word_1_213' title='bbox 540 2890 649 2967; x_wconf 87' lang='lat' dir='ltr'>aliquid</span> <span class='ocrx_word' id='word_1_214' title='bbox 667 2913 685 2952; x_wconf 88' lang='lat' dir='ltr'>a</span> <span class='ocrx_word' id='word_1_215' title='bbox 702 2890 788 2965; x_wconf 87' lang='lat' dir='ltr'>Sole,</span> <span class='ocrx_word' id='word_1_216' title='bbox 807 2891 857 2969; x_wconf 88' lang='lat' dir='ltr'>qui</span> <span class='ocrx_word' id='word_1_217' title='bbox 873 2892 966 2956; x_wconf 90' lang='lat' dir='ltr'>habet</span> <span class='ocrx_word' id='word_1_218' title='bbox 978 2893 1078 2956; x_wconf 88' lang='lat' dir='ltr'>lucem</span> <span class='ocrx_word' id='word_1_219' title='bbox 1094 2897 1189 2976; x_wconf 72' lang='lat' dir='ltr'>alum·</span> 
     </span>
     <span class='ocr_line' id='line_1_27' title="bbox 258 2995 1188 3080; baseline 0.01 -26"><span class='ocrx_word' id='word_1_220' title='bbox 258 2995 400 3069; x_wconf 85' lang='lat' dir='ltr'>dantem,</span> <span class='ocrx_word' id='word_1_221' title='bbox 428 3013 489 3072; x_wconf 86' lang='lat' dir='ltr'>qua</span> <span class='ocrx_word' id='word_1_222' title='bbox 512 3000 647 3074; x_wconf 89' lang='lat' dir='ltr'>recepta,</span> <span class='ocrx_word' id='word_1_223' title='bbox 675 2997 834 3060; x_wconf 85' lang='lat' dir='ltr'>virtuosius</span> <span class='ocrx_word' id='word_1_224' title='bbox 862 3007 1013 3077; x_wconf 87' lang='lat' dir='ltr'>operatur.</span> <span class='ocrx_word' id='word_1_225' title='bbox 1039 2999 1088 3061; x_wconf 89' lang='lat' dir='ltr'>Sic</span> <span class='ocrx_word' id='word_1_226' title='bbox 1115 3022 1188 3080; x_wconf 85' lang='lat' dir='ltr'>ergo</span> 
     </span>
     <span class='ocr_line' id='line_1_28' title="bbox 257 3101 1191 3187; baseline 0.011 -27"><span class='ocrx_word' id='word_1_227' title='bbox 257 3101 334 3174; x_wconf 89' lang='lat' dir='ltr'>dico,</span> <span class='ocrx_word' id='word_1_228' title='bbox 352 3102 433 3178; x_wconf 89' lang='lat' dir='ltr'>quod</span> <span class='ocrx_word' id='word_1_229' title='bbox 449 3104 579 3180; x_wconf 70' lang='lat' dir='ltr'>Repetam</span> <span class='ocrx_word' id='word_1_230' title='bbox 596 3105 748 3181; x_wconf 78' lang='lat' dir='ltr'>temporale</span> <span class='ocrx_word' id='word_1_231' title='bbox 760 3123 828 3166; x_wconf 80' lang='lat' dir='ltr'>&#39;non</span> <span class='ocrx_word' id='word_1_232' title='bbox 844 3106 948 3184; x_wconf 88' lang='lat' dir='ltr'>recipit</span> <span class='ocrx_word' id='word_1_233' title='bbox 968 3125 1037 3168; x_wconf 87' lang='lat' dir='ltr'>esse</span> <span class='ocrx_word' id='word_1_234' title='bbox 1058 3110 1191 3187; x_wconf 61' lang='grc' dir='ltr'><em>38])ϋί-</em></span> 
     </span>
     <span class='ocr_line' id='line_1_29' title="bbox 256 3207 1189 3289; baseline 0.016 -27"><span class='ocrx_word' id='word_1_235' title='bbox 256 3207 342 3280; x_wconf 78' lang='lat' dir='ltr'>tacti,</span> <span class='ocrx_word' id='word_1_236' title='bbox 359 3225 416 3266; x_wconf 86' lang='lat' dir='ltr'>nec</span> <span class='ocrx_word' id='word_1_237' title='bbox 430 3207 585 3282; x_wconf 88' lang='lat' dir='ltr'>virtutem,</span> <span class='ocrx_word' id='word_1_238' title='bbox 600 3229 667 3286; x_wconf 81' lang='lat' dir='ltr'>quse</span> <span class='ocrx_word' id='word_1_239' title='bbox 682 3214 727 3271; x_wconf 89' lang='lat' dir='ltr'>est</span> <span class='ocrx_word' id='word_1_240' title='bbox 744 3212 809 3289; x_wconf 89' lang='lat' dir='ltr'>ejus</span> <span class='ocrx_word' id='word_1_241' title='bbox 826 3212 1009 3288; x_wconf 84' lang='lat' dir='ltr'>Auctoritas,</span> <span class='ocrx_word' id='word_1_242' title='bbox 1023 3234 1082 3276; x_wconf 88' lang='lat' dir='ltr'>nec</span> <span class='ocrx_word' id='word_1_243' title='bbox 1096 3216 1189 3278; x_wconf 86' lang='lat' dir='ltr'>etiam</span> 
     </span>
     <span class='ocr_line' id='line_1_30' title="bbox 256 3309 1190 3398; baseline 0.015 -29"><span class='ocrx_word' id='word_1_244' title='bbox 256 3309 462 3387; x_wconf 87' lang='lat' dir='ltr'>operationem</span> <span class='ocrx_word' id='word_1_245' title='bbox 479 3313 664 3392; x_wconf 89' lang='lat' dir='ltr'>simpliciter:</span> <span class='ocrx_word' id='word_1_246' title='bbox 680 3317 735 3376; x_wconf 90' lang='lat' dir='ltr'>sed</span> <span class='ocrx_word' id='word_1_247' title='bbox 748 3317 825 3378; x_wconf 88' lang='lat' dir='ltr'>bene</span> <span class='ocrx_word' id='word_1_248' title='bbox 842 3318 881 3378; x_wconf 89' lang='lat' dir='ltr'>ab</span> <span class='ocrx_word' id='word_1_249' title='bbox 898 3339 933 3380; x_wconf 88' lang='lat' dir='ltr'>eo</span> <span class='ocrx_word' id='word_1_250' title='bbox 948 3319 1064 3398; x_wconf 90' lang='lat' dir='ltr'>recipit,</span> <span class='ocrx_word' id='word_1_251' title='bbox 1081 3329 1115 3382; x_wconf 91' lang='lat' dir='ltr'>ut</span> <span class='ocrx_word' id='word_1_252' title='bbox 1131 3320 1190 3382; x_wconf 86' lang='lat' dir='ltr'>vir·</span> 
     </span>
     <span class='ocr_line' id='line_1_31' title="bbox 192 3413 1189 3502; baseline 0.014 -28"><span class='ocrx_word' id='word_1_253' title='bbox 192 3417 237 3463; x_wconf 72' lang='lat'>11⁰</span> <span class='ocrx_word' id='word_1_254' title='bbox 251 3413 367 3475; x_wconf 88' lang='lat' dir='ltr'>tuosius</span> <span class='ocrx_word' id='word_1_255' title='bbox 385 3421 541 3492; x_wconf 89' lang='lat' dir='ltr'>operetur,</span> <span class='ocrx_word' id='word_1_256' title='bbox 559 3439 613 3496; x_wconf 89' lang='lat' dir='ltr'>per</span> <span class='ocrx_word' id='word_1_257' title='bbox 633 3421 733 3482; x_wconf 88' lang='lat' dir='ltr'>lucem</span> <span class='ocrx_word' id='word_1_258' title='bbox 753 3423 874 3498; x_wconf 84' lang='lat' dir='ltr'>Gratiae,</span> <span class='ocrx_word' id='word_1_259' title='bbox 892 3443 984 3502; x_wconf 86' lang='lat' dir='ltr'>quam</span> <span class='ocrx_word' id='word_1_260' title='bbox 1004 3426 1034 3486; x_wconf 93' lang='lat' dir='ltr'>in</span> <span class='ocrx_word' id='word_1_261' title='bbox 1054 3425 1140 3488; x_wconf 84' lang='lat' dir='ltr'>Coelo</span> <span class='ocrx_word' id='word_1_262' title='bbox 1158 3435 1189 3488; x_wconf 91' lang='lat' dir='ltr'>et</span> 
     </span>
     <span class='ocr_line' id='line_1_32' title="bbox 257 3519 1189 3606; baseline 0.015 -26"><span class='ocrx_word' id='word_1_263' title='bbox 257 3519 287 3580; x_wconf 90' lang='lat' dir='ltr'>in</span> <span class='ocrx_word' id='word_1_264' title='bbox 296 3521 392 3581; x_wconf 84' lang='lat' dir='ltr'>Terra</span> <span class='ocrx_word' id='word_1_265' title='bbox 405 3523 573 3584; x_wconf 89' lang='lat' dir='ltr'>benedictio</span> <span class='ocrx_word' id='word_1_266' title='bbox 584 3526 702 3588; x_wconf 90' lang='lat' dir='ltr'>Summi</span> <span class='ocrx_word' id='word_1_267' title='bbox 710 3530 861 3606; x_wconf 79' lang='lat' dir='ltr'>Pontificio</span> <span class='ocrx_word' id='word_1_268' title='bbox 874 3530 1001 3592; x_wconf 85' lang='lat' dir='ltr'>infundit</span> <span class='ocrx_word' id='word_1_269' title='bbox 1011 3531 1060 3594; x_wconf 88' lang='lat' dir='ltr'>illi.</span> <span class='ocrx_word' id='word_1_270' title='bbox 1071 3533 1110 3594; x_wconf 82' lang='lat' dir='ltr'>Et</span> <span class='ocrx_word' id='word_1_271' title='bbox 1120 3534 1189 3596; x_wconf 90' lang='lat' dir='ltr'>ideo</span> 
     </span>
    </p>
   </div>
   <div class='ocr_carea' id='block_1_4' title="bbox 0 0 1294 4038">
    <p class='ocr_par' dir='ltr' id='par_1_7' title="bbox 0 0 1294 4038">
     <span class='ocr_line' id='line_1_33' title="bbox 0 0 1294 4038; baseline 0 0"><span class='ocrx_word' id='word_1_272' title='bbox 0 0 1294 4038; x_wconf 95' lang='lat' dir='ltr'> </span> 
     </span>
    </p>
   </div>
  </div>
 </body>
</html>
