2556 4032
497 213 657 256 connanrr.
996 205 1050 261 155

84 323 208 396 volgare
221 324 272 396 (da
285 329 369 396 poter
382 323 494 396 servire)
507 324 539 378 di
552 325 578 380 el
590 325 700 396 qrande
714 326 938 396 adornamento,
955 331 1051 386 oom’d

84 418 115 490 (e
130 417 156 471 al
171 415 258 470 modo
273 416 325 469 ohe
341 413 365 468 si
378 412 572 486 presterebhel
588 415 611 468 il
627 415 749 486 Volnera
763 415 897 487 Illnstre,
914 435 955 474 ao.

158 503 206 561 24.
225 503 283 559 Sed
296 505 350 558 hoe
362 503 553 573 salsissimum
563 508 619 573 est,
635 508 686 560 etc.
701 505 790 560 Dante
805 521 838 560 or
850 507 981 579 dunque,
994 523 1051 564 non

84 595 139 651 ohe
146 593 251 684 feputi
264 593 447 648 conveniente
461 591 556 647 a'tutti
570 592 607 662 gl’
617 593 726 649 Italiani
741 595 762 649 il
778 595 902 668 Voiyara
917 597 1051 666 illustra,

84 698 146 740 non
158 686 294 738 ammette
309 697 462 736 nemmeno
476 682 526 737 ohe
543 681 583 736 sia
598 681 679 737 lecito
693 682 714 737 il
728 683 875 740 valersene
890 701 907 740 a
921 685 1053 757 qualsiasi

84 770 302 854 Verseggiatore
316 770 375 842 (lin.
389 770 451 842 53),
467 769 621 842 da'ppoiche
635 770 690 842 agli
701 772 783 826 stessi
795 773 889 842 poeti,
903 774 953 845 piri
965 773 1051 828 eccel-

85 857 164 913 lanti
173 873 228 928 par
242 858 367 930 inqeyno
382 858 529 926 assianae,
545 873 602 913 non
615 857 639 912 si
652 859 772 916 concede
786 860 805 915 l'
815 862 910 917 usarlo
922 877 1047 932 sempre,

84 964 135 1002 ma
147 947 191 1002 sol
205 947 324 1018 quondo
338 947 429 1002 daron
443 952 557 1002 trattare
572 947 644 1003 delle
660 950 759 1006 eitima'
775 967 848 1007 cose.

159 1035 203 1092 32.
221 1034 359 1091 Nobis...
378 1037 478 1108 qratia
495 1036 646 1106 speciei...
665 1039 797 1094 convenit
814 1039 915 1098 ridere.
931 1039 955 1094 E
976 1043 1052 1097 tanto

84 1123 129 1194 gli
143 1124 159 1180 d
171 1123 205 1178 da
217 1124 352 1196 riputarsi
363 1125 475 1196 proprio
489 1125 643 1183 dell'Uomo
656 1128 677 1182 il
689 1129 813 1186 sidereo
828 1129 928 1186 l’esser
940 1129 1051 1185 risibile

85 1211 135 1284 (V.
149 1212 196 1281 N„
210 1211 225 1286 ἕ
248 1212 329 1283 xxv),
346 1214 398 1268 che
412 1213 486 1268 nelle
502 1214 600 1270 Souole
616 1216 781 1273 adducevasi
795 1236 874 1275 come
886 1224 1053 1292 argomento

84 1302 286 1358 convertibile:
302 1301 362 1358 «Si
377 1305 463 1358 homo
478 1309 532 1372 est,
547 1310 587 1359 est
602 1305 771 1362 risibilius
789 1307 839 1381 Ep.
855 1307 934 1378 Gan,
953 1308 1024 1380 525.

157 1391 203 1446 36.
220 1390 315 1446 Nemo
331 1393 409 1448 enim
423 1393 603 1449 Montaninis
617 1396 670 1450 hoe
685 1394 821 1470 (Vulgare
834 1397 961 1467 illustre)
974 1397 1049 1452 dieat

85 1495 144 1536 este
157 1480 341 1538 conveniens.
357 1479 416 1534 Sed
431 1481 549 1553 optimae
567 1484 761 1554 eonoeptiones
779 1500 838 1539 non
853 1491 975 1554 possunt
994 1501 1051 1540 assa

84 1568 144 1624 nisi
157 1569 207 1622 nbi
220 1567 343 1622 seientia
358 1572 384 1622 et
397 1568 548 1640 inqeninm
565 1576 622 1624 eat:
637 1585 705 1642 enyo
724 1572 836 1640 optimo
852 1571 981 1642 Loqnelo
994 1587 1053 1626 non

83 1657 241 1712 convenit*
265 1658 417 1712 rusticana
443 1659 651 1730 tractantibus,
666 1658 794 1714 convenit
816 1675 883 1730 ergo
903 1659 1052 1714 individui

83 1747 200 1816 qratia:
227 1747 277 1802 aad
296 1747 372 1802 nihil
390 1747 540 1804 individuo
566 1747 707 1816 convenit,
722 1747 734 1770 *
760 1747 820 1801 nisi
842 1763 893 1817 per
908 1747 1051 1818 proprias

84 1835 252 1908 diqnitates.
269 1834 311 1890 Da
331 1840 429 1908 questa
446 1835 562 1905 Volgata
580 1835 637 1888 mal
655 1834 678 1888 si
697 1834 832 1905 saprebbe
855 1835 1001 1904 distrigare
1023 1836 1051 1890 la

84 1930 235 1992 santenza‚
253 1925 299 1980 eui
319 1925 450 1980 l'Autore
465 1925 537 1982 nolle
556 1923 740 1980 richiamarci.
760 1922 799 1978 La
818 1923 900 1994 quale
921 1923 945 1977 si
964 1922 1051 1978 rende

84 2013 180 2069 chiara
193 2030 247 2086 per
261 2015 289 2070 le
304 2031 368 2070 cose
383 2015 575 2084 snsseguenti,
591 2015 625 2069 ed
640 2017 673 2084 ὲ,
686 2014 738 2069 cha
758 2014 785 2068 ai
805 2012 972 2068 Montanini
991 2028 1051 2068 non

85 2103 140 2174 pud
158 2103 318 2158 convenirsi
334 2103 355 2156 il
373 2104 496 2174 Volqora
513 2103 644 2172 illustre,
663 2103 782 2175 perchd,
804 2102 921 2160 essendo
934 2103 1006 2158 rozzi
1022 2101 1051 2156 di

85 2198 187 2250 natura
208 2209 225 2248 e
243 2191 335 2262 idioti,
356 2209 407 2248 son
425 2193 547 2264 incapaci
567 2192 638 2263 degli
658 2193 753 2248 ottimi
772 2193 906 2261 eoneetti,
925 2192 951 2249 ai
974 2191 1050 2265 quali

84 2286 145 2344 solo
160 2286 185 2342 si
196 2286 260 2340 dev’
272 2301 334 2340 esso
347 2285 486 2355 adaltara,
502 2301 517 2339 e
532 2284 585 2339 ben
599 2301 720 2356 possano
736 2286 879 2341 sollevarsi
892 2287 985 2342 coloro
1000 2287 1051 2342 ohe

85 2375 183 2430 hanno
203 2375 353 2430 eccellente
367 2374 441 2428 virtir
455 2372 613 2445 d’in9e9no
629 2390 644 2427 e
660 2374 691 2428 di
708 2374 827 2432 scienza.
851 2375 953 2439 Quindi
972 2392 1018 2445 se,
1035 2391 1051 2430 a

87 2470 167 2520 taeer
181 2463 210 2518 d'
221 2463 281 2520 altri
296 2464 346 2536 piri
361 2478 379 2517 o
395 2477 460 2517 men
476 2460 603 2531 barbari,
619 2477 674 2517 non
695 2463 827 2519 conviene
843 2463 870 2516 ai
885 2463 1052 2518 Montanini

87 2553 156 2626 quel
170 2555 195 2608 si
209 2552 304 2610 nobile
322 2553 461 2623 Volnera,
476 2556 575 2622 questo
595 2568 627 2606 or
641 2551 757 2623 dunque
771 2568 828 2606 non
847 2551 979 2604 conviene
997 2550 1051 2620 agli

87 2643 195 2702 nomini
205 2660 264 2714 pen
278 2659 365 2698 cansa
377 2641 454 2695 della
467 2640 573 2712 specie,
582 2655 629 2694 ma
638 2639 756 2694 saltante
772 2655 825 2710 per
839 2654 927 2694 eausa
938 2638 1052 2693 dell'in·

88 2732 218 2788 dividuo.
234 2732 283 2787 Cio
296 2736 394 2803 posto,
409 2730 484 2803 quivi
496 2730 525 2784 in
539 2729 630 2801 prima
642 2727 789 2798 bisogneri
802 2727 913 2798 leggere
927 2728 1049 2800 «qnod»

89 2838 106 2877 o
129 2823 263 2894 oquin»
285 2821 316 2876 in
339 2821 422 2890 luogo
444 2819 470 2874 di
494 2819 626 2887 (Sede
651 2816 803 2872 ricorrente
823 2832 892 2888 poso
916 2832 1050 2886 appresso

89 2911 152 2984 (lin.
168 2911 260 2984 dl),e
273 2909 374 2981 toglier
387 2909 431 2964 via
442 2909 463 2964 il
475 2916 562 2980 punto
576 2908 648 2980 dopo
663 2925 677 2960 (ι
691 2906 867 2962 conveniens.
883 2923 896 2958 o
910 2903 953 2958 Ne
964 2903 1011 2974 poi
1023 2902 1050 2958 fa

89 3002 116 3056 d'
127 3016 201 3073 uopo
216 3000 328 3072 riporre
338 2997 380 3054 ira
393 3016 406 3052 a
417 2998 570 3053 convenit»
588 3013 602 3052 e
620 2995 791 3056 «individui
803 2992 927 3065 qratia»
947 2992 974 3046 la
987 3008 1051 3064 par-

89 3091 182 3146 tioella
195 3109 209 3144 a
220 3107 327 3161 er90,»
345 3089 389 3159 gii
402 3105 546 3161 premessa
557 3087 591 3142 ad
607 3083 892 3157 «optimaLoqnela,
906 3101 920 3139 o
936 3084 1050 3157 quando
1064 3107 1068 3114 ⁴

90 3183 110 3237 il
119 3183 272 3256 procedere
286 3179 597 3251 dell'argomentazione
609 3178 633 3233 oi
643 3175 810 3246 eonsigliava
825 3176 885 3231 anzi
898 3193 914 3232 a
929 3177 1049 3248 ripetere

93 3272 249 3360 «cnvenit
261 3272 381 3326 nobisto
398 3270 449 3326 lin.
464 3270 507 3326 31.
525 3269 629 3325 lnoltre
643 3267 720 3322 nulla
732 3265 869 3338 imperta,
879 3268 914 3322 nd
928 3272 1002 3323 certo
1013 3266 1050 3322 ivi
1138 3257 1141 3262 ’

90 3360 158 3416 cade
173 3378 189 3416 a
203 3360 347 3433 proposito
362 3376 375 3413 e
387 3375 445 3414 non
458 3359 586 3413 convenit
593 3397 603 3424 ,
615 3375 629 3411 o
646 3355 696 3410 ohe
712 3354 771 3409 dev'
781 3355 882 3410 assessi
898 3356 1049 3411 introdotto

90 3449 163 3519 dagli
187 3449 357 3506 amanuensi
381 3465 433 3521 per
454 3465 534 3504 avere
548 3447 623 3502 forse
639 3444 789 3502 seambiato
806 3444 825 3499 l'
835 3461 890 3501 una
904 3445 978 3500 linea
994 3443 1050 3498 eol·

91 3538 109 3593 l’
119 3539 200 3596 altra.
215 3541 256 3596 Ed
273 3542 289 3595 ὲ
303 3538 366 3596 anzi
379 3537 516 3608 notabile,
530 3538 580 3593 ohe
592 3535 637 3592 nel
651 3535 717 3591 Cod.
730 3534 861 3592 Vaticano
872 3535 897 3588 ν’
906 3534 942 3589 ha
954 3547 970 3586 a
980 3544 1050 3601 que·
