2590 4038
263 159 318 214 224
614 171 652 212 nn
669 172 848 216 uounncum.

266 309 393 385 cupatur
408 304 586 382 Imperium:
602 309 631 364 et
649 303 685 364 de
701 302 751 377 iis,
769 309 802 364 ut
818 302 994 384 pradictum
1011 309 1072 376 est,
1090 322 1198 382 propo

234 419 247 464 ὃ
266 414 358 475 situm
375 417 421 473 est
438 413 494 474 sub
512 410 668 488 adsignato
685 409 829 488 principio
850 409 1075 488 inquisitionem
1096 410 1199 472 facere

266 517 433 576 secundum
452 515 516 592 jam
535 519 650 575 tactum
668 514 814 576 ordinem.
830 515 934 576 Prima
947 515 1051 594 itaque
1069 516 1197 594 quaestio

267 617 318 679 sit:
337 618 445 678 Utrum
461 619 499 679 ad
517 617 593 677 bene
608 637 676 678 esse
693 620 808 694 mundi,
828 621 1001 684 Monarchia
1018 623 1195 702 temporalis

265 722 437 784 necessaria
457 723 503 792 sit.
525 721 590 784 Hoc
612 725 768 802 equidem,
786 729 869 788 nulla
888 729 917 789 vi
936 729 1061 792 rationis
1079 732 1129 791 vel
1148 751 1200 792 au·

267 829 410 890 ctoritatis
437 830 589 902 obstante,
617 829 780 906 potissimis
809 835 838 890 et
864 831 1080 909 patentissimis
1109 852 1197 910 argu·

219 951 248 998 10
266 935 375 996 mentis
392 934 509 995 ostendi
529 939 643 1011 potest;
661 954 791 1011 quorum
812 936 944 1013 primum
961 939 999 997 ab
1020 939 1198 1001 auctoritate

268 1041 434 1115 Philosophi
458 1041 636 1100 adsumatur
656 1041 694 1102 de
719 1042 781 1102 suis
808 1043 945 1103 Politicis.
967 1043 1089 1104 Adserit
1117 1046 1197 1106 enim

265 1149 306 1210 ibi
326 1148 503 1208 venerabilis
529 1149 592 1226 ejus
616 1149 793 1224 auctoritaS,
817 1173 832 1205 <
852 1155 934 1230 quod
955 1155 1076 1230 quando
1098 1154 1198 1231 aliqua

266 1264 352 1342 plura
369 1263 545 1324 ordinantur
561 1263 599 1323 ad
609 1263 724 1336 Unum,
743 1267 860 1340 oportet
877 1283 973 1323 unum
990 1281 1097 1323 eorum
1113 1282 1197 1340 regu·

266 1363 330 1424 lare
350 1381 404 1422 seu
430 1383 549 1442 regere,
570 1365 628 1426 alia
654 1386 726 1428 vero
753 1366 883 1444 regulari
904 1389 958 1430 seu
983 1368 1088 1446 regi.»
1112 1370 1198 1443 Quod

218 1471 247 1526 '1⁶
267 1468 388 1546 quidem
412 1488 473 1528 non
503 1471 602 1531 solum
630 1471 794 1548 gloriosum
818 1475 959 1535 Auctoris
985 1493 1100 1536 nomen
1129 1475 1198 1535 facit

269 1595 336 1638 esse
348 1577 544 1650 credendum,
560 1577 614 1637 sed
627 1579 704 1639 ratio
717 1578 876 1640 inductiva.
891 1581 922 1640 Si
936 1580 1016 1640 enim
1031 1581 1200 1642 considere-

268 1699 336 1740 mus
354 1701 448 1742 unum
464 1683 633 1757 hominem,
650 1684 754 1744 hocin
772 1705 807 1746 eo
825 1685 998 1764 contingere
1015 1686 1199 1746 videbimus:

219 1787 220 1790 ’
268 1787 338 1864 quia
355 1807 424 1848 cum
445 1809 551 1852 omnes
572 1791 650 1852 vires
673 1795 737 1872 ejus
756 1792 932 1854 ordinantur
951 1795 990 1854 ad
1011 1791 1199 1864 felicitatem,

267 1893 311 1956 vis
326 1894 392 1974 ipsa
408 1896 615 1956 intellectualis
635 1906 681 1959 est
702 1896 864 1974 regulatrix
882 1901 912 1957 et
932 1895 1045 1956 rectrix
1061 1893 1198 1954 omnium

221 2017 249 2062 ‘20
267 1999 407 2072 aliarum,
425 2002 510 2060 aliter
528 2002 567 2061 ad
588 2001 760 2061 felicitatem
781 1999 937 2078 pervenire
958 2017 1020 2059 non
1041 2002 1153 2076 potest.
1171 1995 1201 2056 Si

269 2105 494 2167 consideremus
515 2124 609 2165 unam
629 2107 766 2176 domum,
785 2105 870 2181 cujus
892 2100 959 2162 finis
982 2105 1043 2172 est,
1060 2099 1203 2160 domesti-

268 2230 320 2272 cos
338 2213 376 2272 ad
397 2212 474 2270 bene
490 2209 651 2270 vivendum
671 2226 855 2284 praeparare,
874 2223 969 2264 unum
990 2207 1111 2280 oportet
1134 2219 1204 2262 esse
1285 2249 1286 2278 3

269 2318 320 2395 qui
336 2317 463 2396 regulet,
482 2321 512 2378 et
527 2303 623 2393 regat,
642 2334 733 2392 quern
750 2314 852 2374 dicunt
869 2307 1131 2390 patremfamilias,
1151 2313 1203 2368 aut

270 2423 335 2500 ejus
358 2423 459 2482 locum
484 2426 654 2494 tenentem,
680 2422 766 2498 juxta
790 2420 996 2496 Philosophum
1030 2417 1203 2477 dicentem:

222 2546 249 2591 25
269 2529 370 2590 Omnia
386 2530 487 2588 domus
502 2530 612 2606 repitur
629 2548 648 2588 a
665 2529 821 2588 amieriam.
842 2527 880 2587 Et
900 2526 1004 2603 hujuS,
1024 2530 1058 2584 ut
1078 2524 1122 2584 ait
1142 2525 1203 2586 Ho-

269 2657 385 2710 merus,
402 2658 417 2690 ι
430 2640 475 2696 est
489 2637 626 2714 regulare
641 2654 761 2708 omnes,
782 2639 812 2694 et
827 2635 909 2710 leges
924 2631 1081 2709 imponere
1096 2629 1172 2690 aliis.
1185 2652 1201 2684 ι

272 2748 398 2824 Propter
416 2748 496 2824 quod
512 2745 738 2824 proverbialiter
754 2742 862 2804 dicitur
876 2743 927 2803 illa
943 2740 1130 2803 maledictio:
1146 2743 1203 2801 Pa·

269 2874 331 2914 rem
346 2855 451 2914 habeor
465 2856 498 2912 in
514 2855 604 2913 domo.
623 2851 655 2912 Si
671 2851 896 2912 consideremus
911 2851 1010 2911 vicum
1026 2869 1140 2924 unum,
1155 2869 1204 2910 cu-

268 2963 318 3040 jus
338 2962 405 3022 finis
428 2969 474 3022 est
493 2962 653 3022 commoda
673 2967 736 3020 tam
756 2979 956 3039 personarum
978 2979 1071 3038 quam
1097 2978 1206 3020 rerum

222 3086 251 3131 50
271 3066 433 3142 auxiliatio,
450 3087 545 3128 unum
561 3073 679 3144 oportet
693 3087 760 3128 esse
775 3066 902 3128 aliorum
918 3068 1137 3144 regulatorem,
1155 3066 1205 3125 vel

271 3173 375 3232 datum
389 3175 427 3233 ab
442 3174 519 3247 aliis,
535 3176 583 3235 vel
598 3194 636 3235 ex
651 3173 723 3253 ipsis
738 3176 998 3253 praeminentem,
1013 3172 1206 3236 consentien-

242 3279 249 3294 '
270 3276 348 3336 tibus
370 3277 450 3338 aliis:
473 3280 559 3339 aliter
579 3281 617 3340 ad
639 3279 722 3339 illam
747 3287 885 3340 mutuam
906 3278 1120 3339 sufficientiam
1140 3295 1205 3338 non

271 3381 370 3450 solum
386 3401 447 3441 non
463 3384 650 3460 pertingitur,
668 3386 721 3446 sed
736 3384 896 3462 aliquando
914 3385 1051 3463 pluribus
1069 3383 1208 3463 praeemi-

270 3507 344 3548 nere
363 3489 546 3562 volentibus,
564 3489 670 3550 vicinia
689 3495 753 3552 tota
777 3489 947 3552 destruitur.
966 3487 998 3550 Si
1020 3507 1093 3550 vero
1110 3505 1207 3548 unam
