2560 4022
189 171 226 226 24
464 183 502 226 or
519 184 645 227 vuuctnr
661 184 851 236 nroousurn.

153 399 155 408 Ι
192 319 298 380 rationi
328 318 445 380 videtur
476 299 668 394 horrificum,
702 323 771 380 ante
797 318 895 380 Deum
925 320 965 381 ab
995 319 1117 382 homine

145 430 172 474 2⁵
192 425 353 503 quicquam
362 423 551 488 nominatum
563 425 668 500 fuisse,
683 443 753 485 cum
765 425 804 486 ab
815 426 897 503 Ipso,
910 429 938 487 et
951 445 1006 505 per
1016 427 1119 505 Ipsum

191 539 288 600 lactus
312 537 417 601 fuisset
439 539 539 599 horno.
558 537 636 598 Nam
657 535 732 598 sicut
748 539 818 615 post
843 533 1120 615 praevaricationem

191 641 316 702 humani
326 641 442 720 generis
456 641 599 719 quidlibet
609 642 766 704 exordium
778 661 840 704 suae
849 643 1005 704 locutionis
1019 643 1120 722 incipit

191 745 229 805 ab
246 745 314 824 beu,
327 745 504 808 rationabile
518 751 577 821 est,
593 747 673 824 quod
687 751 774 823 ante,
791 747 934 826 quidlibet
946 749 1087 828 inciperet
1102 770 1120 810 a

192 851 313 930 gaudi03
328 857 357 914 et
372 873 468 932 quum
484 854 601 916 nullum
616 856 759 932 gaudium
783 855 821 918 sit
838 862 925 919 extra
938 856 1047 932 Deum,
1067 859 1121 919 sed

142 961 170 1006 5⁰
193 964 289 1021 totum
305 959 336 1020 in
350 959 426 1034 Deo,
446 959 554 1040 etipse
570 961 651 1022 Deus
669 966 766 1022 totum
782 961 820 1024 sit
842 962 996 1039 gaudium,
1018 981 1121 1024 conse-

192 1086 287 1144 quens
306 1073 364 1142 est,
381 1070 463 1145 quod
482 1067 597 1149 primus
611 1070 751 1148 loquenS,
768 1071 864 1150 primo
882 1076 911 1132 et
931 1076 1000 1132 ante
1021 1070 1123 1132 omnia

192 1173 315 1235 dixisset
322 1176 410 1236 Deua
421 1174 523 1237 Oritur
534 1182 563 1237 et
572 1175 621 1236 hie
632 1175 690 1237 ista
704 1175 842 1254 quaestio;
853 1196 921 1238 cum
935 1175 1060 1237 dicimus
1075 1196 1122 1236 su·

191 1280 306 1358 perine,
322 1299 376 1358 per
394 1281 474 1344 riam
489 1281 692 1361 responsionis
712 1282 866 1369 hpminem
883 1282 1014 1360 primum
1030 1281 1123 1342 fuisse

190 1388 338 1461 locutum,
354 1388 380 1448 si
395 1386 552 1466 responsio
566 1387 635 1463 fuit,
647 1388 703 1450 luit
718 1390 756 1449 ad
766 1389 877 1462 Deum;
892 1385 960 1448 etsi
975 1388 1013 1448 ad
1027 1387 1125 1449 Deum
1140 1407 1147 1416 “

143 1500 170 1543 55
188 1491 256 1565 fuit,
270 1493 334 1570 jam
349 1491 516 1567 videretur,
528 1495 617 1571 'quod
630 1493 711 1555 Deus
729 1495 845 1555 locutus
864 1492 1023 1566 extitisset,
1042 1493 1123 1570 quod

191 1598 296 1655 contra
312 1596 451 1673 superius
473 1597 627 1674 praelibata
653 1597 768 1660 videtur
787 1599 952 1676 insurgere.
973 1599 1021 1660 Ad
1042 1600 1123 1676 quod

191 1698 312 1776 quidem
337 1701 476 1776 dicimus,
504 1703 584 1780 quod
605 1704 683 1765 bene
709 1706 804 1782 potuit
830 1705 1035 1784 respondisse,
1059 1706 1123 1766 Deo

98 1875 100 1878 ,
189 1810 405 1887 interrogante,
422 1827 479 1870 nec
495 1817 618 1887 propter
640 1809 698 1870 hoe
720 1808 801 1870 Deus
823 1809 940 1871 loeutus
964 1815 1010 1871 est
1026 1809 1125 1887 ipsam

191 1935 283 1992 quarn
300 1915 425 1977 dicimus
442 1917 636 1976 locutionem.
654 1915 726 1989 Quis
745 1915 825 1977 enirn
846 1915 962 1978 dubitat
984 1917 1124 1994 quicquid

144 2039 174 2083 lo
193 2032 251 2098 est,
269 2025 308 2084 ad
334 2023 389 2082 Dei
414 2025 532 2082 nutum*
546 2038 615 2082 esse
638 2017 786 2080 flexibile?
806 2038 866 2097 quo
891 2019 1011 2096 quidem
1032 2019 1123 2092 facta,
1234 2021 1239 2031 '

192 2151 251 2212 quo
270 2129 360 2192 etiam
372 2129 545 2207 vgubernata
561 2133 633 2188 sunt
650 2126 759 2188 omnia.
776 2126 867 2205 lgitur
880 2147 953 2214 cum
970 2129 1008 2189 ad
1025 2133 1124 2189 tantas

88 2215 92 2222 ¹
194 2235 383 2299 alterationes
410 2241 567 2297 moveatur
595 2243 646 2298 abr
671 2233 794 2314 imperio
816 2235 937 2299 Naturae
964 2239 1124 2312 inferioris,

194 2364 260 2424 quae
280 2343 417 2406 ministra
430 2351 460 2405 et
480 2343 596 2406 lactura
613 2342 668 2404 Dei
686 2347 745 2418 est,
764 2349 796 2406 ut
819 2345 950 2406 tonitrua
967 2350 1123 2424 personet,

186 2439 295 2534 ignem
319 2453 460 2532 fulgoret,
482 2469 596 2529 aquam
616 2455 726 2527 gemat,
755 2459 875 2530 spargat
897 2450 1009 2525 nivern,
1038 2471 1125 2529 gran·

147 2570 177 2619 tt
196 2560 280 2622 dines
307 2559 452 2634 lancinet3
472 2577 573 2620 nonne
588 2555 712 2635 imperio
729 2557 783 2622 Dei
803 2559 972 2622 movebitur
988 2559 1027 2620 ad
1049 2577 1125 2636 quae·

196 2669 267 2728 dam
289 2686 399 2727 sonare
419 2667 524 2740 verba,
546 2665 614 2744 lpso
639 2663 849 2742 distinguente,
872 2666 923 2742 qui
944 2666 1059 2743 majora
1083 2665 1126 2726 di·

197 2773 321 2837 stinxitl
339 2773 467 2849 Quidni?
485 2775 584 2849 Quare
602 2774 639 2834 ad
656 2775 726 2846 hoc,
742 2774 824 2835 etad
838 2772 1126 2851 quaedemaliohaec

196 2879 338 2942 sulficere
356 2879 515 2942 oredimus.

588 3047 684 3108 Carur
711 3047 743 3107 V.

401 3211 461 3264 Ubi,
475 3215 499 3255 et
513 3213 552 3256 eui
566 3214 672 3266 primum
685 3215 762 3258 Homo
776 3215 870 3260 loeutus
884 3218 923 3260 sit.

281 3395 443 3476 Opinantes
463 3399 565 3456 autem
582 3394 655 3471 (non
675 3394 739 3457 sine
759 3395 874 3457 ratione
895 3399 958 3456 tarn
981 3413 1020 3455 ex
1039 3411 1127 3470 supe-

199 3507 340 3582 rioribuS,
359 3523 452 3585 quam
475 3505 663 3570 inferioribus
688 3505 832 3585 sumpta),
850 3507 888 3568 ad
909 3505 1009 3584 ipsum
1030 3504 1128 3566 Deunr
