<?xml version="1.0" encoding="UTF-8"?>
<!DOCTYPE html PUBLIC "-//W3C//DTD XHTML 1.0 Transitional//EN"
    "http://www.w3.org/TR/xhtml1/DTD/xhtml1-transitional.dtd">
<html xmlns="http://www.w3.org/1999/xhtml" xml:lang="en" lang="en">
 <head>
  <title>
</title>
<meta http-equiv="Content-Type" content="text/html;charset=utf-8" />
  <meta name='ocr-system' content='tesseract 3.04.00' />
  <meta name='ocr-capabilities' content='ocr_page ocr_carea ocr_par ocr_line ocrx_word'/>
</head>
<body>
  <div class='ocr_page' id='page_1' title='image "./operelatine00giulgoog_0289.png"; bbox 0 0 2578 4038; ppageno 0'>
   <div class='ocr_carea' id='block_1_1' title="bbox 232 153 818 208">
    <p class='ocr_par' dir='ltr' id='par_1_1' title="bbox 232 153 818 208">
     <span class='ocr_line' id='line_1_1' title="bbox 232 153 818 208; baseline -0.012 -6"><span class='ocrx_word' id='word_1_1' title='bbox 232 153 287 208; x_wconf 76' lang='lat'>270</span> <span class='ocrx_word' id='word_1_2' title='bbox 585 161 622 203; x_wconf 78' lang='lat' dir='ltr'>na</span> <span class='ocrx_word' id='word_1_3' title='bbox 640 156 818 202; x_wconf 75' lang='lat' dir='ltr'>nouancnn.</span> 
     </span>
    </p>
   </div>
   <div class='ocr_carea' id='block_1_2' title="bbox 66 279 1172 1952">
    <p class='ocr_par' dir='ltr' id='par_1_2' title="bbox 186 279 1172 898">
     <span class='ocr_line' id='line_1_2' title="bbox 236 279 1172 373; baseline -0.02 -14"><span class='ocrx_word' id='word_1_4' title='bbox 236 299 385 370; x_wconf 79' lang='lat' dir='ltr'>Albanus3</span> <span class='ocrx_word' id='word_1_5' title='bbox 400 301 490 373; x_wconf 89' lang='lat' dir='ltr'>atque</span> <span class='ocrx_word' id='word_1_6' title='bbox 509 295 546 354; x_wconf 91' lang='lat' dir='ltr'>de</span> <span class='ocrx_word' id='word_1_7' title='bbox 562 293 645 369; x_wconf 91' lang='lat' dir='ltr'>signo</span> <span class='ocrx_word' id='word_1_8' title='bbox 661 288 787 367; x_wconf 86' lang='lat' dir='ltr'>Aquilae,</span> <span class='ocrx_word' id='word_1_9' title='bbox 808 287 904 362; x_wconf 85' lang='lat' dir='ltr'>deque</span> <span class='ocrx_word' id='word_1_10' title='bbox 921 282 1084 342; x_wconf 76' lang='lat' dir='ltr'>Penatibus</span> <span class='ocrx_word' id='word_1_11' title='bbox 1107 279 1172 341; x_wconf 85' lang='lat' dir='ltr'>Diis</span> 
     </span>
     <span class='ocr_line' id='line_1_3' title="bbox 234 387 1172 484; baseline -0.023 -16"><span class='ocrx_word' id='word_1_12' title='bbox 234 408 451 484; x_wconf 87' lang='lat' dir='ltr'>Trojanorum,</span> <span class='ocrx_word' id='word_1_13' title='bbox 480 408 570 478; x_wconf 90' lang='lat' dir='ltr'>atque</span> <span class='ocrx_word' id='word_1_14' title='bbox 597 398 739 474; x_wconf 77' lang='lat' dir='ltr'>dignitate</span> <span class='ocrx_word' id='word_1_15' title='bbox 765 387 952 470; x_wconf 90' lang='lat' dir='ltr'>principandi</span> <span class='ocrx_word' id='word_1_16' title='bbox 977 389 1067 463; x_wconf 88' lang='lat' dir='ltr'>longo</span> <span class='ocrx_word' id='word_1_17' title='bbox 1095 391 1172 446; x_wconf 90' lang='lat' dir='ltr'>tem·</span> 
     </span>
     <span class='ocr_line' id='line_1_4' title="bbox 235 492 1171 591; baseline -0.02 -19"><span class='ocrx_word' id='word_1_18' title='bbox 235 532 306 591; x_wconf 92' lang='lat' dir='ltr'>pore</span> <span class='ocrx_word' id='word_1_19' title='bbox 323 512 400 572; x_wconf 87' lang='lat' dir='ltr'>inter</span> <span class='ocrx_word' id='word_1_20' title='bbox 415 531 449 571; x_wconf 89' lang='lat' dir='ltr'>se</span> <span class='ocrx_word' id='word_1_21' title='bbox 463 511 662 586; x_wconf 73' lang='lat' dir='ltr'>disceptatum</span> <span class='ocrx_word' id='word_1_22' title='bbox 679 507 776 573; x_wconf 89' lang='lat' dir='ltr'>esset;</span> <span class='ocrx_word' id='word_1_23' title='bbox 796 500 834 558; x_wconf 90' lang='lat' dir='ltr'>ad</span> <span class='ocrx_word' id='word_1_24' title='bbox 852 497 1001 566; x_wconf 90' lang='lat' dir='ltr'>ultimum,</span> <span class='ocrx_word' id='word_1_25' title='bbox 1014 492 1171 553; x_wconf 89' lang='lat' dir='ltr'>communi</span> 
     </span>
     <span class='ocr_line' id='line_1_5' title="bbox 235 600 1169 690; baseline -0.017 -16"><span class='ocrx_word' id='word_1_26' title='bbox 235 615 366 674; x_wconf 89' lang='lat' dir='ltr'>adsensu</span> <span class='ocrx_word' id='word_1_27' title='bbox 393 612 540 690; x_wconf 89' lang='lat' dir='ltr'>partium,</span> <span class='ocrx_word' id='word_1_28' title='bbox 564 616 686 686; x_wconf 88' lang='lat' dir='ltr'>propter</span> <span class='ocrx_word' id='word_1_29' title='bbox 710 601 884 664; x_wconf 80' lang='lat' dir='ltr'>instantiam</span> <span class='ocrx_word' id='word_1_30' title='bbox 909 600 1169 676; x_wconf 88' lang='lat' dir='ltr'>cognoscendam,</span> 
     </span>
     <span class='ocr_line' id='line_1_6' title="bbox 186 705 1170 795; baseline -0.005 -23"><span class='ocrx_word' id='word_1_31' title='bbox 186 727 217 772; x_wconf 80' lang='lat'>90</span> <span class='ocrx_word' id='word_1_32' title='bbox 235 737 289 795; x_wconf 90' lang='lat' dir='ltr'>per</span> <span class='ocrx_word' id='word_1_33' title='bbox 302 723 364 776; x_wconf 90' lang='lat' dir='ltr'>tres</span> <span class='ocrx_word' id='word_1_34' title='bbox 383 713 522 775; x_wconf 84' lang='lat' dir='ltr'>Horatios</span> <span class='ocrx_word' id='word_1_35' title='bbox 541 713 648 772; x_wconf 86' lang='lat' dir='ltr'>iratres</span> <span class='ocrx_word' id='word_1_36' title='bbox 666 708 746 780; x_wconf 91' lang='lat' dir='ltr'>hinc,</span> <span class='ocrx_word' id='word_1_37' title='bbox 763 714 793 768; x_wconf 90' lang='lat' dir='ltr'>et</span> <span class='ocrx_word' id='word_1_38' title='bbox 813 726 866 784; x_wconf 90' lang='lat' dir='ltr'>per</span> <span class='ocrx_word' id='word_1_39' title='bbox 881 705 1005 766; x_wconf 90' lang='lat' dir='ltr'>totidem</span> <span class='ocrx_word' id='word_1_40' title='bbox 1020 705 1170 767; x_wconf 88' lang='lat' dir='ltr'>Curiatios</span> 
     </span>
     <span class='ocr_line' id='line_1_7' title="bbox 233 813 1163 898; baseline -0.002 -21"><span class='ocrx_word' id='word_1_41' title='bbox 233 819 341 878; x_wconf 84' lang='lat' dir='ltr'>fratres</span> <span class='ocrx_word' id='word_1_42' title='bbox 354 819 445 898; x_wconf 84' lang='lat' dir='ltr'>inde,</span> <span class='ocrx_word' id='word_1_43' title='bbox 463 819 493 877; x_wconf 92' lang='lat' dir='ltr'>in</span> <span class='ocrx_word' id='word_1_44' title='bbox 511 823 673 893; x_wconf 88' lang='lat' dir='ltr'>conspectu</span> <span class='ocrx_word' id='word_1_45' title='bbox 689 833 795 890; x_wconf 86' lang='lat' dir='ltr'>regum</span> <span class='ocrx_word' id='word_1_46' title='bbox 813 820 842 873; x_wconf 89' lang='lat' dir='ltr'>et</span> <span class='ocrx_word' id='word_1_47' title='bbox 862 813 1043 890; x_wconf 83' lang='lat' dir='ltr'>populorum</span> <span class='ocrx_word' id='word_1_48' title='bbox 1059 815 1163 875; x_wconf 91' lang='lat' dir='ltr'>altrin-</span> 
     </span>
    </p>

    <p class='ocr_par' dir='ltr' id='par_1_3' title="bbox 185 923 1170 1212">
     <span class='ocr_line' id='line_1_8' title="bbox 185 923 1168 1004; baseline -0.005 -16"><span class='ocrx_word' id='word_1_49' title='bbox 185 948 188 954; x_wconf 91' lang='grc'>·</span> <span class='ocrx_word' id='word_1_50' title='bbox 233 947 318 988; x_wconf 88' lang='lat' dir='ltr'>secus</span> <span class='ocrx_word' id='word_1_51' title='bbox 333 928 557 1004; x_wconf 85' lang='lat' dir='ltr'>expectantium</span> <span class='ocrx_word' id='word_1_52' title='bbox 574 927 761 986; x_wconf 86' lang='lat' dir='ltr'>decertatum</span> <span class='ocrx_word' id='word_1_53' title='bbox 772 928 830 982; x_wconf 89' lang='lat' dir='ltr'>est:</span> <span class='ocrx_word' id='word_1_54' title='bbox 841 923 889 981; x_wconf 93' lang='lat' dir='ltr'>ubi</span> <span class='ocrx_word' id='word_1_55' title='bbox 905 924 999 982; x_wconf 91' lang='lat' dir='ltr'>tribus</span> <span class='ocrx_word' id='word_1_56' title='bbox 1017 923 1168 1001; x_wconf 85' lang='lat' dir='ltr'>pugilibus</span> 
     </span>
     <span class='ocr_line' id='line_1_9' title="bbox 234 1027 1170 1110; baseline -0.004 -18"><span class='ocrx_word' id='word_1_57' title='bbox 234 1033 420 1092; x_wconf 88' lang='lat' dir='ltr'>Albanorum</span> <span class='ocrx_word' id='word_1_58' title='bbox 435 1031 615 1110; x_wconf 84' lang='lat' dir='ltr'>peremptis,</span> <span class='ocrx_word' id='word_1_59' title='bbox 634 1029 841 1089; x_wconf 87' lang='lat' dir='ltr'>Romanorum</span> <span class='ocrx_word' id='word_1_60' title='bbox 860 1027 993 1099; x_wconf 91' lang='lat' dir='ltr'>duobus,</span> <span class='ocrx_word' id='word_1_61' title='bbox 1013 1029 1117 1104; x_wconf 89' lang='lat' dir='ltr'>palma</span> <span class='ocrx_word' id='word_1_62' title='bbox 1131 1027 1170 1088; x_wconf 90' lang='lat' dir='ltr'>vi-</span> 
     </span>
     <span class='ocr_line' id='line_1_10' title="bbox 232 1133 1166 1212; baseline -0.004 -15"><span class='ocrx_word' id='word_1_63' title='bbox 232 1139 405 1198; x_wconf 65' lang='lat' dir='ltr'>ctorie-sub</span> <span class='ocrx_word' id='word_1_64' title='bbox 421 1137 545 1197; x_wconf 90' lang='lat' dir='ltr'>Hostilio</span> <span class='ocrx_word' id='word_1_65' title='bbox 563 1156 632 1212; x_wconf 91' lang='lat' dir='ltr'>rege</span> <span class='ocrx_word' id='word_1_66' title='bbox 647 1134 736 1195; x_wconf 85' lang='lat' dir='ltr'>cessit</span> <span class='ocrx_word' id='word_1_67' title='bbox 751 1133 902 1193; x_wconf 82' lang='lat' dir='ltr'>Rornanis.</span> <span class='ocrx_word' id='word_1_68' title='bbox 920 1133 957 1192; x_wconf 86' lang='lat' dir='ltr'>Et</span> <span class='ocrx_word' id='word_1_69' title='bbox 972 1133 1030 1191; x_wconf 91' lang='lat' dir='ltr'>hoc</span> <span class='ocrx_word' id='word_1_70' title='bbox 1046 1133 1166 1209; x_wconf 92' lang='lat' dir='ltr'>diligen-</span> 
     </span>
    </p>

    <p class='ocr_par' dir='ltr' id='par_1_4' title="bbox 185 1221 1169 1320">
     <span class='ocr_line' id='line_1_11' title="bbox 185 1221 1169 1320; baseline 0.003 -20"><span class='ocrx_word' id='word_1_71' title='bbox 185 1257 212 1301; x_wconf 79' lang='lat' dir='ltr'>at</span> <span class='ocrx_word' id='word_1_72' title='bbox 233 1247 278 1301; x_wconf 89' lang='lat' dir='ltr'>ler</span> <span class='ocrx_word' id='word_1_73' title='bbox 297 1242 396 1302; x_wconf 91' lang='lat' dir='ltr'>Livius</span> <span class='ocrx_word' id='word_1_74' title='bbox 416 1243 446 1301; x_wconf 94' lang='lat' dir='ltr'>in</span> <span class='ocrx_word' id='word_1_75' title='bbox 472 1244 568 1320; x_wconf 89' lang='lat' dir='ltr'>prima</span> <span class='ocrx_word' id='word_1_76' title='bbox 593 1247 678 1320; x_wconf 79' lang='lat' dir='ltr'>parte</span> <span class='ocrx_word' id='word_1_77' title='bbox 696 1221 840 1315; x_wconf 74' lang='lat' dir='ltr'>contenit,</span> <span class='ocrx_word' id='word_1_78' title='bbox 862 1241 908 1302; x_wconf 88' lang='lat' dir='ltr'>cui</span> <span class='ocrx_word' id='word_1_79' title='bbox 928 1242 1053 1302; x_wconf 89' lang='lat' dir='ltr'>Orosius</span> <span class='ocrx_word' id='word_1_80' title='bbox 1077 1243 1169 1303; x_wconf 91' lang='lat' dir='ltr'>etiam</span> 
     </span>
    </p>

    <p class='ocr_par' dir='ltr' id='par_1_5' title="bbox 208 1331 426 1408">
     <span class='ocr_line' id='line_1_12' title="bbox 208 1331 426 1408; baseline -0.009 0"><span class='ocrx_word' id='word_1_81' title='bbox 208 1331 212 1342; x_wconf 44' lang='lat'><em>⁵</em></span> <span class='ocrx_word' id='word_1_82' title='bbox 233 1345 426 1408; x_wconf 81' lang='lat' dir='ltr'>contestatur.</span> 
     </span>
    </p>

    <p class='ocr_par' dir='ltr' id='par_1_6' title="bbox 312 1455 1168 1531">
     <span class='ocr_line' id='line_1_13' title="bbox 312 1455 1168 1531; baseline 0.005 -17"><span class='ocrx_word' id='word_1_83' title='bbox 312 1455 426 1516; x_wconf 89' lang='lat' dir='ltr'>Deinde</span> <span class='ocrx_word' id='word_1_84' title='bbox 452 1475 522 1516; x_wconf 91' lang='lat' dir='ltr'>cum</span> <span class='ocrx_word' id='word_1_85' title='bbox 547 1455 694 1528; x_wconf 87' lang='lat' dir='ltr'>finitimis,</span> <span class='ocrx_word' id='word_1_86' title='bbox 723 1456 804 1517; x_wconf 93' lang='lat' dir='ltr'>omni</span> <span class='ocrx_word' id='word_1_87' title='bbox 835 1457 907 1516; x_wconf 83' lang='lat' dir='ltr'>lure</span> <span class='ocrx_word' id='word_1_88' title='bbox 938 1457 1007 1516; x_wconf 89' lang='lat' dir='ltr'>belli</span> <span class='ocrx_word' id='word_1_89' title='bbox 1031 1463 1168 1531; x_wconf 84' lang='lat' dir='ltr'>servato,</span> 
     </span>
    </p>

    <p class='ocr_par' dir='ltr' id='par_1_7' title="bbox 232 1562 1169 1637">
     <span class='ocr_line' id='line_1_14' title="bbox 232 1562 1169 1637; baseline -0.002 -14"><span class='ocrx_word' id='word_1_90' title='bbox 232 1583 301 1624; x_wconf 93' lang='lat' dir='ltr'>cum</span> <span class='ocrx_word' id='word_1_91' title='bbox 322 1563 455 1637; x_wconf 83' lang='lat' dir='ltr'>Sabinis,</span> <span class='ocrx_word' id='word_1_92' title='bbox 477 1584 545 1624; x_wconf 89' lang='lat' dir='ltr'>curn</span> <span class='ocrx_word' id='word_1_93' title='bbox 566 1563 764 1635; x_wconf 89' lang='lat' dir='ltr'>Samnitibus,</span> <span class='ocrx_word' id='word_1_94' title='bbox 782 1563 851 1622; x_wconf 89' lang='lat' dir='ltr'>licet</span> <span class='ocrx_word' id='word_1_95' title='bbox 871 1563 902 1622; x_wconf 93' lang='lat' dir='ltr'>in</span> <span class='ocrx_word' id='word_1_96' title='bbox 919 1562 1112 1623; x_wconf 91' lang='lat' dir='ltr'>multitudine</span> <span class='ocrx_word' id='word_1_97' title='bbox 1129 1562 1169 1622; x_wconf 92' lang='lat' dir='ltr'>di·</span> 
     </span>
    </p>

    <p class='ocr_par' dir='ltr' id='par_1_8' title="bbox 66 1641 1168 1952">
     <span class='ocr_line' id='line_1_15' title="bbox 66 1641 1166 1747; baseline 0.003 -19"><span class='ocrx_word' id='word_1_98' title='bbox 66 1661 70 1668; x_wconf 73' lang='grc'><strong>’</strong></span> <span class='ocrx_word' id='word_1_99' title='bbox 184 1711 187 1718; x_wconf 64' lang='grc'>.</span> <span class='ocrx_word' id='word_1_100' title='bbox 232 1641 444 1747; x_wconf 81' lang='lat' dir='ltr'>sceptantidrn,</span> <span class='ocrx_word' id='word_1_101' title='bbox 465 1670 522 1729; x_wconf 90' lang='lat' dir='ltr'>sub</span> <span class='ocrx_word' id='word_1_102' title='bbox 550 1669 648 1729; x_wconf 84' lang='lat' dir='ltr'>forma</span> <span class='ocrx_word' id='word_1_103' title='bbox 668 1674 765 1728; x_wconf 89' lang='lat' dir='ltr'>tamen</span> <span class='ocrx_word' id='word_1_104' title='bbox 789 1669 890 1740; x_wconf 91' lang='lat' dir='ltr'>duelli,</span> <span class='ocrx_word' id='word_1_105' title='bbox 911 1670 948 1729; x_wconf 92' lang='lat' dir='ltr'>de</span> <span class='ocrx_word' id='word_1_106' title='bbox 966 1669 1095 1747; x_wconf 86' lang='lat' dir='ltr'>Imperio</span> <span class='ocrx_word' id='word_1_107' title='bbox 1119 1671 1166 1731; x_wconf 80' lang='lat' dir='ltr'>de</span> 
     </span>
     <span class='ocr_line' id='line_1_16' title="bbox 172 1772 1168 1850; baseline 0.001 -15"><span class='ocrx_word' id='word_1_108' title='bbox 172 1789 215 1835; x_wconf 84' lang='lat' dir='ltr'>too</span> <span class='ocrx_word' id='word_1_109' title='bbox 234 1780 380 1835; x_wconf 90' lang='lat' dir='ltr'>certatum</span> <span class='ocrx_word' id='word_1_110' title='bbox 406 1775 498 1834; x_wconf 87' lang='lat' dir='ltr'>luisse</span> <span class='ocrx_word' id='word_1_111' title='bbox 526 1772 625 1833; x_wconf 89' lang='lat' dir='ltr'>Livius</span> <span class='ocrx_word' id='word_1_112' title='bbox 652 1779 764 1833; x_wconf 90' lang='lat' dir='ltr'>narrat.</span> <span class='ocrx_word' id='word_1_113' title='bbox 785 1774 818 1833; x_wconf 88' lang='lat' dir='ltr'>ln</span> <span class='ocrx_word' id='word_1_114' title='bbox 841 1793 900 1850; x_wconf 91' lang='lat' dir='ltr'>quo</span> <span class='ocrx_word' id='word_1_115' title='bbox 927 1773 1050 1850; x_wconf 86' lang='lat' dir='ltr'>quidem</span> <span class='ocrx_word' id='word_1_116' title='bbox 1077 1776 1168 1838; x_wconf 90' lang='lat' dir='ltr'>modo</span> 
     </span>
     <span class='ocr_line' id='line_1_17' title="bbox 231 1877 1166 1952; baseline -0.001 -11"><span class='ocrx_word' id='word_1_117' title='bbox 231 1880 404 1941; x_wconf 88' lang='lat' dir='ltr'>decertandi</span> <span class='ocrx_word' id='word_1_118' title='bbox 421 1900 492 1939; x_wconf 91' lang='lat' dir='ltr'>cum</span> <span class='ocrx_word' id='word_1_119' title='bbox 511 1877 709 1952; x_wconf 87' lang='lat' dir='ltr'>Samnitibus,</span> <span class='ocrx_word' id='word_1_120' title='bbox 727 1879 790 1937; x_wconf 89' lang='lat' dir='ltr'>fere</span> <span class='ocrx_word' id='word_1_121' title='bbox 816 1879 969 1939; x_wconf 91' lang='lat' dir='ltr'>fortunam</span> <span class='ocrx_word' id='word_1_122' title='bbox 992 1881 1036 1950; x_wconf 91' lang='lat' dir='ltr'>(ut</span> <span class='ocrx_word' id='word_1_123' title='bbox 1056 1879 1166 1952; x_wconf 91' lang='lat' dir='ltr'>dicam)</span> 
     </span>
    </p>
   </div>
   <div class='ocr_carea' id='block_1_3' title="bbox 231 1983 1284 2062">
    <p class='ocr_par' dir='ltr' id='par_1_9' title="bbox 231 1983 1284 2062">
     <span class='ocr_line' id='line_1_18' title="bbox 231 1983 1284 2062; baseline 0.004 -19"><span class='ocrx_word' id='word_1_124' title='bbox 231 1985 350 2062; x_wconf 86' lang='lat' dir='ltr'>incoepti</span> <span class='ocrx_word' id='word_1_125' title='bbox 370 1984 514 2060; x_wconf 72' lang='lat' dir='ltr'>poenituit,</span> <span class='ocrx_word' id='word_1_126' title='bbox 533 1983 570 2043; x_wconf 85' lang='lat' dir='ltr'>Et</span> <span class='ocrx_word' id='word_1_127' title='bbox 587 1983 645 2042; x_wconf 90' lang='lat' dir='ltr'>hoc</span> <span class='ocrx_word' id='word_1_128' title='bbox 661 1983 800 2043; x_wconf 90' lang='lat' dir='ltr'>Lucanus</span> <span class='ocrx_word' id='word_1_129' title='bbox 817 1983 986 2044; x_wconf 79' lang='lat' dir='ltr'>insecundo</span> <span class='ocrx_word' id='word_1_130' title='bbox 1003 1986 1042 2045; x_wconf 94' lang='lat' dir='ltr'>ad</span> <span class='ocrx_word' id='word_1_131' title='bbox 1065 2005 1167 2046; x_wconf 83' lang='lat' dir='ltr'>exem·</span> <span class='ocrx_word' id='word_1_132' title='bbox 1283 1987 1284 2003; x_wconf 63' lang='lat'>¹</span> 
     </span>
    </p>
   </div>
   <div class='ocr_carea' id='block_1_4' title="bbox 230 2089 521 2167">
    <p class='ocr_par' dir='ltr' id='par_1_10' title="bbox 230 2089 521 2167">
     <span class='ocr_line' id='line_1_19' title="bbox 230 2089 521 2167; baseline -0.007 -17"><span class='ocrx_word' id='word_1_133' title='bbox 230 2091 313 2167; x_wconf 91' lang='lat' dir='ltr'>plum</span> <span class='ocrx_word' id='word_1_134' title='bbox 330 2092 372 2150; x_wconf 88' lang='lat' dir='ltr'>sic</span> <span class='ocrx_word' id='word_1_135' title='bbox 391 2089 521 2149; x_wconf 89' lang='lat' dir='ltr'>reducit:</span> 
     </span>
    </p>
   </div>
   <div class='ocr_carea' id='block_1_5' title="bbox 171 2214 1097 2564">
    <p class='ocr_par' dir='ltr' id='par_1_11' title="bbox 320 2214 1028 2301">
     <span class='ocr_line' id='line_1_20' title="bbox 320 2214 1028 2301; baseline 0.004 -19"><span class='ocrx_word' id='word_1_136' title='bbox 320 2231 378 2282; x_wconf 88' lang='lat' dir='ltr'>Aut</span> <span class='ocrx_word' id='word_1_137' title='bbox 395 2214 579 2282; x_wconf 56' lang='lat' dir='ltr'>Collina&#39;tulit</span> <span class='ocrx_word' id='word_1_138' title='bbox 595 2232 694 2282; x_wconf 85' lang='lat' dir='ltr'>stratas</span> <span class='ocrx_word' id='word_1_139' title='bbox 710 2236 779 2301; x_wconf 87' lang='lat' dir='ltr'>quot</span> <span class='ocrx_word' id='word_1_140' title='bbox 793 2234 873 2300; x_wconf 86' lang='lat' dir='ltr'>porta</span> <span class='ocrx_word' id='word_1_141' title='bbox 889 2236 1028 2299; x_wconf 85' lang='lat' dir='ltr'>catervas,</span> 
     </span>
    </p>

    <p class='ocr_par' dir='ltr' id='par_1_12' title="bbox 171 2303 1097 2564">
     <span class='ocr_line' id='line_1_21' title="bbox 171 2303 1097 2390; baseline 0.002 -19"><span class='ocrx_word' id='word_1_142' title='bbox 171 2337 213 2382; x_wconf 74' lang='lat' dir='ltr'>tob</span> <span class='ocrx_word' id='word_1_143' title='bbox 273 2303 290 2318; x_wconf 70' lang='grc'>’</span> <span class='ocrx_word' id='word_1_144' title='bbox 319 2318 398 2372; x_wconf 90' lang='lat' dir='ltr'>Tunc</span> <span class='ocrx_word' id='word_1_145' title='bbox 412 2333 476 2370; x_wconf 89' lang='lat' dir='ltr'>cum</span> <span class='ocrx_word' id='word_1_146' title='bbox 493 2331 571 2387; x_wconf 88' lang='lat' dir='ltr'>paene</span> <span class='ocrx_word' id='word_1_147' title='bbox 587 2317 676 2387; x_wconf 89' lang='lat' dir='ltr'>Caput</span> <span class='ocrx_word' id='word_1_148' title='bbox 690 2318 788 2371; x_wconf 90' lang='lat' dir='ltr'>mundi</span> <span class='ocrx_word' id='word_1_149' title='bbox 805 2335 957 2390; x_wconf 89' lang='lat' dir='ltr'>rerumque</span> <span class='ocrx_word' id='word_1_150' title='bbox 973 2324 1097 2388; x_wconf 88' lang='lat' dir='ltr'>poteslas</span> 
     </span>
     <span class='ocr_line' id='line_1_22' title="bbox 318 2405 1036 2477; baseline 0.003 -17"><span class='ocrx_word' id='word_1_151' title='bbox 318 2406 432 2460; x_wconf 83' lang='lat' dir='ltr'>Mutavit</span> <span class='ocrx_word' id='word_1_152' title='bbox 449 2406 581 2459; x_wconf 86' lang='lat' dir='ltr'>translata</span> <span class='ocrx_word' id='word_1_153' title='bbox 597 2405 706 2474; x_wconf 89' lang='lat' dir='ltr'>locum,</span> <span class='ocrx_word' id='word_1_154' title='bbox 723 2407 908 2477; x_wconf 88' lang='lat' dir='ltr'>Romanaque</span> <span class='ocrx_word' id='word_1_155' title='bbox 924 2407 1036 2462; x_wconf 87' lang='lat' dir='ltr'>Samnis</span> 
     </span>
     <span class='ocr_line' id='line_1_23' title="bbox 318 2492 958 2564; baseline 0.003 -17"><span class='ocrx_word' id='word_1_156' title='bbox 318 2492 398 2547; x_wconf 88' lang='lat' dir='ltr'>Ultra</span> <span class='ocrx_word' id='word_1_157' title='bbox 414 2492 552 2548; x_wconf 85' lang='lat' dir='ltr'>Caudinas</span> <span class='ocrx_word' id='word_1_158' title='bbox 567 2494 708 2564; x_wconf 86' lang='lat' dir='ltr'>superavit</span> <span class='ocrx_word' id='word_1_159' title='bbox 724 2496 839 2549; x_wconf 87' lang='lat' dir='ltr'>vulnera</span> <span class='ocrx_word' id='word_1_160' title='bbox 855 2495 958 2549; x_wconf 85' lang='lat' dir='ltr'>furcas.</span> 
     </span>
    </p>
   </div>
   <div class='ocr_carea' id='block_1_6' title="bbox 314 2628 1276 2706">
    <p class='ocr_par' dir='ltr' id='par_1_13' title="bbox 314 2628 1276 2706">
     <span class='ocr_line' id='line_1_24' title="bbox 314 2628 1276 2706; baseline 0.001 -18"><span class='ocrx_word' id='word_1_161' title='bbox 314 2629 480 2704; x_wconf 87' lang='lat' dir='ltr'>Postquam</span> <span class='ocrx_word' id='word_1_162' title='bbox 500 2647 573 2688; x_wconf 89' lang='lat' dir='ltr'>vero</span> <span class='ocrx_word' id='word_1_163' title='bbox 596 2629 737 2690; x_wconf 90' lang='lat' dir='ltr'>Italorum</span> <span class='ocrx_word' id='word_1_164' title='bbox 753 2628 843 2706; x_wconf 89' lang='lat' dir='ltr'>litigia</span> <span class='ocrx_word' id='word_1_165' title='bbox 860 2630 964 2689; x_wconf 90' lang='lat' dir='ltr'>sedata</span> <span class='ocrx_word' id='word_1_166' title='bbox 982 2628 1119 2702; x_wconf 78' lang='lat' dir='ltr'>luerunt„</span> <span class='ocrx_word' id='word_1_167' title='bbox 1137 2633 1167 2690; x_wconf 88' lang='lat' dir='ltr'>et</span> <span class='ocrx_word' id='word_1_168' title='bbox 1275 2633 1276 2636; x_wconf 73' lang='grc'>’</span> 
     </span>
    </p>
   </div>
   <div class='ocr_carea' id='block_1_7' title="bbox 173 2735 1213 3342">
    <p class='ocr_par' dir='ltr' id='par_1_14' title="bbox 173 2735 1213 3342">
     <span class='ocr_line' id='line_1_25' title="bbox 235 2735 1168 2815; baseline 0.004 -22"><span class='ocrx_word' id='word_1_169' title='bbox 235 2753 305 2794; x_wconf 87' lang='lat' dir='ltr'>curn</span> <span class='ocrx_word' id='word_1_170' title='bbox 326 2735 449 2807; x_wconf 85' lang='lat' dir='ltr'>Graecis,</span> <span class='ocrx_word' id='word_1_171' title='bbox 474 2753 604 2812; x_wconf 86' lang='lat' dir='ltr'>cumque</span> <span class='ocrx_word' id='word_1_172' title='bbox 628 2736 727 2796; x_wconf 88' lang='lat' dir='ltr'>Poenis</span> <span class='ocrx_word' id='word_1_173' title='bbox 743 2737 878 2796; x_wconf 92' lang='lat' dir='ltr'>nondum</span> <span class='ocrx_word' id='word_1_174' title='bbox 895 2756 948 2815; x_wconf 90' lang='lat' dir='ltr'>pro</span> <span class='ocrx_word' id='word_1_175' title='bbox 968 2735 1067 2797; x_wconf 89' lang='lat' dir='ltr'>divino</span> <span class='ocrx_word' id='word_1_176' title='bbox 1088 2736 1168 2798; x_wconf 87' lang='lat' dir='ltr'>Judi·</span> 
     </span>
     <span class='ocr_line' id='line_1_26' title="bbox 173 2839 1213 2922; baseline 0.007 -25"><span class='ocrx_word' id='word_1_177' title='bbox 173 2851 216 2898; x_wconf 83' lang='lat' dir='ltr'>tto</span> <span class='ocrx_word' id='word_1_178' title='bbox 236 2839 280 2900; x_wconf 90' lang='lat' dir='ltr'>cio</span> <span class='ocrx_word' id='word_1_179' title='bbox 307 2846 455 2901; x_wconf 88' lang='lat' dir='ltr'>certatum</span> <span class='ocrx_word' id='word_1_180' title='bbox 486 2847 581 2916; x_wconf 90' lang='lat' dir='ltr'>esset,</span> <span class='ocrx_word' id='word_1_181' title='bbox 608 2842 646 2901; x_wconf 89' lang='lat' dir='ltr'>ad</span> <span class='ocrx_word' id='word_1_182' title='bbox 672 2843 832 2920; x_wconf 90' lang='lat' dir='ltr'>Imperium</span> <span class='ocrx_word' id='word_1_183' title='bbox 857 2843 1081 2904; x_wconf 87' lang='lat' dir='ltr'>intendentibus</span> <span class='ocrx_word' id='word_1_184' title='bbox 1108 2843 1166 2904; x_wconf 91' lang='lat' dir='ltr'>illis</span> <span class='ocrx_word' id='word_1_185' title='bbox 1208 2913 1213 2922; x_wconf 34' lang='grc' dir='ltr'>Ι</span> 
     </span>
     <span class='ocr_line' id='line_1_27' title="bbox 236 2947 1166 3026; baseline 0 -18"><span class='ocrx_word' id='word_1_186' title='bbox 236 2951 266 3008; x_wconf 89' lang='lat' dir='ltr'>at</span> <span class='ocrx_word' id='word_1_187' title='bbox 281 2947 360 3020; x_wconf 91' lang='lat' dir='ltr'>istis,</span> <span class='ocrx_word' id='word_1_188' title='bbox 377 2947 512 3008; x_wconf 84' lang='lat' dir='ltr'>Fabricio</span> <span class='ocrx_word' id='word_1_189' title='bbox 533 2967 587 3026; x_wconf 92' lang='lat' dir='ltr'>pro</span> <span class='ocrx_word' id='word_1_190' title='bbox 604 2947 762 3020; x_wconf 88' lang='lat' dir='ltr'>Romanis,</span> <span class='ocrx_word' id='word_1_191' title='bbox 776 2949 890 3025; x_wconf 90' lang='lat' dir='ltr'>Pyrrho</span> <span class='ocrx_word' id='word_1_192' title='bbox 907 2967 962 3026; x_wconf 92' lang='lat' dir='ltr'>pro</span> <span class='ocrx_word' id='word_1_193' title='bbox 980 2947 1105 3021; x_wconf 84' lang='lat' dir='ltr'>Graecis,</span> <span class='ocrx_word' id='word_1_194' title='bbox 1129 2947 1166 3008; x_wconf 90' lang='lat' dir='ltr'>de</span> 
     </span>
     <span class='ocr_line' id='line_1_28' title="bbox 183 3049 1167 3128; baseline 0.004 -18"><span class='ocrx_word' id='word_1_195' title='bbox 183 3111 185 3115; x_wconf 83' lang='grc'>,</span> <span class='ocrx_word' id='word_1_196' title='bbox 236 3051 355 3128; x_wconf 80' lang='lat' dir='ltr'>Imperii</span> <span class='ocrx_word' id='word_1_197' title='bbox 371 3049 464 3128; x_wconf 86' lang='lat' dir='ltr'>gloria</span> <span class='ocrx_word' id='word_1_198' title='bbox 480 3049 511 3110; x_wconf 93' lang='lat' dir='ltr'>in</span> <span class='ocrx_word' id='word_1_199' title='bbox 525 3050 635 3112; x_wconf 88' lang='lat' dir='ltr'>militiae</span> <span class='ocrx_word' id='word_1_200' title='bbox 651 3051 839 3113; x_wconf 87' lang='lat' dir='ltr'>multitudine</span> <span class='ocrx_word' id='word_1_201' title='bbox 857 3053 1094 3127; x_wconf 86' lang='lat' dir='ltr'>decertantibus,</span> <span class='ocrx_word' id='word_1_202' title='bbox 1110 3053 1167 3114; x_wconf 82' lang='lat' dir='ltr'>Ro</span> 
     </span>
     <span class='ocr_line' id='line_1_29' title="bbox 237 3151 1167 3239; baseline 0.016 -30"><span class='ocrx_word' id='word_1_203' title='bbox 237 3171 287 3210; x_wconf 89' lang='lat' dir='ltr'>ma</span> <span class='ocrx_word' id='word_1_204' title='bbox 313 3153 448 3214; x_wconf 88' lang='lat' dir='ltr'>obtinuit.</span> <span class='ocrx_word' id='word_1_205' title='bbox 474 3155 609 3233; x_wconf 87' lang='lat' dir='ltr'>Scipione</span> <span class='ocrx_word' id='word_1_206' title='bbox 636 3176 706 3218; x_wconf 90' lang='lat' dir='ltr'>vero</span> <span class='ocrx_word' id='word_1_207' title='bbox 731 3178 785 3236; x_wconf 92' lang='lat' dir='ltr'>pro</span> <span class='ocrx_word' id='word_1_208' title='bbox 806 3160 899 3234; x_wconf 91' lang='lat' dir='ltr'>Italis,</span> <span class='ocrx_word' id='word_1_209' title='bbox 922 3151 1167 3239; x_wconf 57' lang='lat' dir='ltr'>Hannibale&#39;pro</span> 
     </span>
     <span class='ocr_line' id='line_1_30' title="bbox 236 3255 1168 3342; baseline 0.018 -28"><span class='ocrx_word' id='word_1_210' title='bbox 236 3255 383 3316; x_wconf 83' lang='lat' dir='ltr'>Africanis</span> <span class='ocrx_word' id='word_1_211' title='bbox 400 3260 430 3318; x_wconf 91' lang='lat' dir='ltr'>in</span> <span class='ocrx_word' id='word_1_212' title='bbox 447 3261 545 3321; x_wconf 85' lang='lat' dir='ltr'>forma</span> <span class='ocrx_word' id='word_1_213' title='bbox 561 3262 657 3322; x_wconf 90' lang='lat' dir='ltr'>Duelli</span> <span class='ocrx_word' id='word_1_214' title='bbox 678 3264 790 3324; x_wconf 90' lang='lat' dir='ltr'>bellum</span> <span class='ocrx_word' id='word_1_215' title='bbox 804 3266 989 3342; x_wconf 82' lang='lat' dir='ltr'>gerentibus,</span> <span class='ocrx_word' id='word_1_216' title='bbox 1005 3269 1086 3330; x_wconf 91' lang='lat' dir='ltr'>ltalis</span> <span class='ocrx_word' id='word_1_217' title='bbox 1104 3267 1168 3330; x_wconf 80' lang='lat' dir='ltr'>Afri</span> 
     </span>
    </p>
   </div>
   <div class='ocr_carea' id='block_1_8' title="bbox 176 3361 1169 3532">
    <p class='ocr_par' dir='ltr' id='par_1_15' title="bbox 176 3361 1169 3532">
     <span class='ocr_line' id='line_1_31' title="bbox 176 3361 1169 3451; baseline 0.016 -33"><span class='ocrx_word' id='word_1_218' title='bbox 176 3374 216 3418; x_wconf 76' lang='lat' dir='ltr'>tte</span> <span class='ocrx_word' id='word_1_219' title='bbox 237 3361 469 3435; x_wconf 83' lang='lat' dir='ltr'>succubuerunt3</span> <span class='ocrx_word' id='word_1_220' title='bbox 488 3364 564 3424; x_wconf 89' lang='lat' dir='ltr'>sicut</span> <span class='ocrx_word' id='word_1_221' title='bbox 590 3366 689 3428; x_wconf 86' lang='lat' dir='ltr'>Livius</span> <span class='ocrx_word' id='word_1_222' title='bbox 709 3377 739 3430; x_wconf 87' lang='lat' dir='ltr'>et</span> <span class='ocrx_word' id='word_1_223' title='bbox 758 3369 807 3430; x_wconf 86' lang='lat' dir='ltr'>alii</span> <span class='ocrx_word' id='word_1_224' title='bbox 823 3370 968 3432; x_wconf 73' lang='lat' dir='ltr'>Romana</span> <span class='ocrx_word' id='word_1_225' title='bbox 985 3372 1028 3432; x_wconf 87' lang='lat' dir='ltr'>rei</span> <span class='ocrx_word' id='word_1_226' title='bbox 1044 3372 1169 3451; x_wconf 89' lang='lat' dir='ltr'>scripto-</span> 
     </span>
     <span class='ocr_line' id='line_1_32' title="bbox 235 3455 1001 3532; baseline 0.02 -10"><span class='ocrx_word' id='word_1_227' title='bbox 235 3483 286 3525; x_wconf 90' lang='lat' dir='ltr'>res</span> <span class='ocrx_word' id='word_1_228' title='bbox 302 3464 455 3526; x_wconf 87' lang='lat' dir='ltr'>testificari</span> <span class='ocrx_word' id='word_1_229' title='bbox 471 3477 627 3532; x_wconf 87' lang='lat' dir='ltr'>conantur.</span> <span class='ocrx_word' id='word_1_230' title='bbox 985 3455 1001 3478; x_wconf 65' lang='lat'>⁸</span> 
     </span>
    </p>
   </div>
   <div class='ocr_carea' id='block_1_9' title="bbox 0 0 1294 4038">
    <p class='ocr_par' dir='ltr' id='par_1_16' title="bbox 0 0 1294 4038">
     <span class='ocr_line' id='line_1_33' title="bbox 0 0 1294 4038; baseline 0 0"><span class='ocrx_word' id='word_1_231' title='bbox 0 0 1294 4038; x_wconf 95' lang='lat' dir='ltr'> </span> 
     </span>
    </p>
   </div>
  </div>
 </body>
</html>
