2560 4022
461 245 547 286 muru
565 243 720 288 succursus,
1020 234 1055 289 67

118 378 230 438 latione
246 377 434 454 proferatur,
444 375 506 436 siue
522 395 595 449 non,
608 381 639 436 et
653 375 696 450 sic
711 381 757 436 est
767 379 876 454 passio.
887 378 966 438 Nam
980 381 1053 438 lunc

118 485 230 561 agitur,
247 485 338 543 modo
361 501 434 543 vero
453 502 542 559 agere
562 483 679 544 videtur
699 483 729 544 in
750 483 854 558 alium,
871 493 901 546 et
920 487 963 546 sic
981 493 1053 546 tunc

117 588 245 666 alicujus
262 589 357 666 auio,
375 589 469 676 modu
486 607 605 664 quoque
616 591 720 666 passio
736 589 858 667 alicujus
878 590 1001 651 videtur.
1016 593 1053 653 El

123 694 193 770 quia
209 694 294 771 prius
307 692 405 772 agilus
415 693 493 771 ipsa,
504 712 597 770 quam
606 699 687 772 agal,
699 695 808 770 magis,
816 692 908 754 immo
917 714 1054 772 prorsus,

120 801 309 862 denominari
329 801 446 861 videtur
465 802 503 861 ab
521 820 557 861 ec
578 801 659 877 quod
677 800 773 878 agitur
791 802 833 875 (el
850 804 896 861 est
915 803 987 860 cotio
1007 802 1055 861 ali-
1074 817 1102 861 25

121 911 230 987 cujus),
252 929 350 986 quam
371 911 410 969 ab
432 929 468 970 ec
486 911 565 987 quod
579 909 638 986 agit
657 909 687 970 in
707 909 789 970 alios.
810 908 936 986 Signum
954 917 1055 970 aulem

119 1017 209 1094 hujus
225 1025 289 1089 est,
303 1017 385 1094 quod
398 1035 555 1094 nunquam
568 1016 708 1078 dicimus:
723 1017 788 1078 haec
805 1023 850 1078 est
862 1017 961 1077 Contio
974 1017 1055 1075 Petri

125 1142 159 1184 eo
175 1125 256 1201 quod
276 1123 377 1202 ipsam
393 1124 540 1201 proferat,
551 1125 604 1184 sed
622 1143 657 1186 eo
672 1125 752 1200 quod
768 1121 1053 1184 fabricaveritillam.

123 1230 273 1290 Praeterea
286 1229 529 1306 distinguendum
540 1235 596 1302 est,
610 1234 712 1290 utrum
722 1229 822 1290 Gordiu
835 1229 950 1290 dicatur
961 1229 1052 1304 fabri-

119 1339 190 1396 catio
213 1337 367 1396 uerborum
390 1336 647 1414 urmmlzotorom,
667 1335 716 1396 vel
737 1335 803 1413 ipsa
821 1337 985 1396 meolam.
1005 1334 1053 1416 Ad
1073 1343 1101 1387 50

121 1445 200 1520 quod
220 1442 365 1513 dicimuS,
381 1443 461 1518 quod
477 1461 632 1518 nunquam
647 1444 801 1502 modulatio
818 1442 923 1502 dicitur
936 1443 1052 1518 Gentio,

121 1549 174 1607 sed
194 1567 297 1624 sonus,
318 1547 366 1606 vel
386 1555 485 1625 tomus,
498 1549 545 1608 vel
565 1556 646 1626 noto,
667 1551 714 1608 vel
733 1551 825 1609 mus.
847 1548 953 1609 Nullus
973 1549 1053 1610 enim

123 1652 260 1725 lubicen,
277 1653 510 1734 velorganisla,
532 1655 580 1714 vel
599 1654 776 1715 citharaedus
796 1657 947 1714 melodiam
967 1673 1053 1715 suum

127 1761 291 1821 Ouolimem
308 1769 409 1835 vocat,
424 1763 481 1822 nisi
498 1761 529 1822 in
545 1771 691 1838 quantum
706 1767 800 1839 nupta
816 1767 862 1821 est
878 1761 965 1821 alicui
981 1761 1053 1820 Can·

123 1868 215 1944 elom,
234 1868 288 1926 scd
303 1868 525 1928 armonizautes
540 1869 645 1940 verba,
663 1886 754 1945 opera
770 1885 826 1926 sua
843 1865 992 1925 Cantium
1006 1885 1054 1926 vc
1074 1881 1101 1924 55

123 1978 203 2034 canl
217 1973 254 2034 ut
268 1975 361 2035 etiam
374 1975 445 2035 talia
458 1976 551 2037 verba
564 1975 595 2035 in
607 1973 749 2036 chartulis
756 2018 768 2047 „
777 1974 892 2050 absque
904 1971 1053 2050 prolatore

118 2079 265 2157 jacentia,
292 2081 445 2142 Conlimes
470 2101 628 2157 vocamus3
649 2087 679 2143 el
702 2082 768 2144 ideo
790 2081 891 2143 Contio
914 2079 956 2140 nil
975 2079 1054 2140 aliud

123 2205 191 2246 esse
217 2186 348 2260 videtur,
371 2207 464 2264 quam
487 2190 559 2249 cotio
581 2191 715 2267 completo
738 2190 874 2250 dictantis
893 2188 978 2248 uerbo
996 2207 1051 2248 mo·

125 2293 268 2352 dodalimi
289 2295 478 2354 urmmleulu.
499 2293 687 2372 Quapropter
707 2301 772 2355 tam
793 2296 956 2372 Ouollmes,
977 2313 1052 2374 quas

125 2419 206 2459 nunc
233 2405 411 2474 tractamus,
441 2419 532 2476 quam
552 2401 675 2459 Bullaloe
696 2405 725 2460 el
748 2397 879 2476 Sortitus,
901 2401 930 2458 el
954 2395 1055 2468 omnia
1073 2407 1102 2452 40

128 2507 344 2585 cujuscumque
368 2507 450 2567 modi
475 2507 568 2567 verba
593 2506 650 2567 sini
678 2506 862 2567 armonizcla
888 2504 1054 2578 Vulgariter

125 2619 155 2672 el
178 2613 365 2689 regulariter,
394 2612 544 2672 Cuollouos
570 2629 637 2670 esse
662 2609 793 2669 dicimus,
819 2609 879 2669 Sed
900 2607 969 2682 quia
989 2607 1053 2667 sola

129 2720 271 2797 Volqurlo
294 2719 487 2792 ventilamus,
513 2716 647 2794 regulata
665 2714 824 2792 liquentes,
847 2712 970 2774 dicimus
995 2716 1052 2774 oul-

121 2827 238 2903 9orium
267 2827 434 2886 Pounulom
461 2843 556 2885 unum
583 2842 649 2904 esse
676 2841 867 2900 supremum,
895 2822 974 2898 quod
999 2840 1053 2897 per

124 2928 422 3006 superexcellentiam
443 2929 607 2990 Cuollouem
624 2946 782 3002 vocemus3
798 2927 878 3004 quod
892 2929 994 2986 aulem
1007 2945 1055 2986 su·
1074 2939 1103 2984 45

124 3063 264 3120 premum
286 3041 359 3120 quid
381 3042 419 3104 sil
435 3041 549 3120 Contio,
565 3041 595 3102 in
611 3039 697 3101 tertio
713 3039 804 3116 hujus
826 3035 906 3096 Libri
926 3035 1053 3114 capitulo

125 3154 172 3207 est
187 3150 358 3225 probatum.
371 3146 408 3206 Et
425 3145 566 3224 quoniam
583 3145 662 3222 quod
677 3142 835 3204 diffinitum
849 3147 908 3218 est',
919 3144 1052 3222 pluribus

124 3254 264 3329 generale
281 3253 433 3325 videatur,
449 3255 648 3312 resumentes·
659 3249 817 3312 diffinitum
831 3251 894 3329 jam
915 3252 1054 3328 generale

122 3360 319 3432 vocabulum,
339 3377 394 3436 per
413 3359 559 3434 quasdam
580 3357 759 3420 differentias
780 3360 892 3432 solum,
910 3361 990 3436 quod
1006 3377 1054 3436 pe-

126 3463 229 3537 timus,
247 3463 476 3540 distinguamus.
494 3462 624 3524 Dicimus
646 3481 714 3542 ergo
736 3465 816 3542 quod
833 3465 949 3541 Contio,
965 3470 1054 3540 prout
1074 3473 1103 3517 co

125 3587 183 3628 uos
205 3569 385 3647 quaerimus,
406 3568 437 3628 in
458 3573 604 3645 quantum
624 3587 678 3646 per
698 3567 995 3646 superexcellentiam
1015 3564 1055 3623 di·
