2590 4038
483 213 570 254 nram
588 213 744 256 sseunnus.
1022 202 1072 258 251

138 351 207 408 tere
223 307 368 406 miracula
385 343 509 423 operari.
529 344 614 419 Quod
630 342 805 404 auctoritate
822 341 931 421 Moysis
953 343 1073 406 robora-

140 456 210 527 tur,
228 451 281 512 nbi
298 456 498 512 cumventum
510 458 556 512 est
570 450 608 512 ad
624 449 798 528 scynipbeS,
814 449 893 528 magi
907 450 1073 513 Pharaonis

138 558 331 619 naturalibus
348 556 498 637 principiis
514 557 672 619 artificiose
688 562 821 631 utentes,
835 563 865 618 et
880 557 920 620 ibi
936 558 1074 619 delicien-

139 670 200 738 tes,
215 649 373 725 diserunt:
391 665 510 744 Diqitus
529 666 586 724 Dei
606 673 645 725 est
665 665 722 724 hic.
744 663 775 725 Si
800 683 870 741 ergo
897 663 1074 726 miraculum
1095 683 1124 727 to

141 776 191 832 est
206 770 383 832 immediata
398 771 532 851 operatio
549 771 652 845 Primi,
670 773 785 850 absque
803 771 1012 851 cooperatione
1030 792 1074 836 se·

140 878 314 941 cundorum
341 878 506 956 agentium,
527 884 560 939 ut
588 879 653 956 ipse
679 880 813 940 Thomas
832 879 863 939 in
883 879 1074 958 praeallegato

139 985 232 1047 Libro
247 985 357 1063 probat
369 984 564 1058 sufficienter,
581 1002 649 1044 cum
662 982 693 1043 in
710 981 846 1043 savorem
866 981 992 1060 alicujus
1008 1000 1074 1059 por·

140 1091 292 1165 tenditur,
311 1092 397 1153 nefas
414 1099 461 1154 est
477 1092 589 1164 dicere,
607 1091 694 1165 illud,
720 1091 766 1152 cui
791 1089 834 1152 sic
857 1090 992 1164 lavetur,
1013 1109 1075 1150 non

142 1217 212 1260 esse
236 1217 256 1258 a
285 1198 362 1271 Deo,
395 1206 551 1275 tamqnam
580 1196 800 1276 beneplacitum
831 1194 886 1256 sibi
912 1195 1126 1275 provisurum

142 1306 245 1381 Quare
270 1324 360 1365 suum
381 1303 643 1365 contradictorium
671 1304 836 1366 concedere
858 1311 997 1367 sanctum
1018 1311 1073 1368 est.

143 1409 318 1470 Romanum
333 1405 494 1485 Imperium
511 1408 549 1484 ad
566 1407 611 1468 sui
630 1407 845 1486 perfectionem
861 1410 1075 1474 miraculorum
1179 1479 1181 1485 ,

142 1513 286 1591 suffragio
303 1521 348 1574 est
363 1513 513 1589 adjutum:
532 1532 601 1592 ergo
619 1534 637 1573 a
654 1514 715 1574 Deo
732 1514 870 1577 volitum:
892 1525 922 1578 et
937 1538 991 1595 per
1007 1538 1075 1579 cou-

144 1641 293 1700 sequens,
311 1621 348 1682 de
364 1621 434 1681 lure
450 1619 504 1680 suit
520 1625 550 1679 et
568 1625 622 1680 est.
641 1620 727 1694 Quod
748 1627 849 1682 autem
866 1643 921 1701 pro
937 1625 1075 1688 Romano

143 1727 272 1807 Imperio
299 1727 479 1804 perficiendo
505 1725 649 1787 miracula
674 1727 754 1788 Deus
785 1731 984 1807 portenderit,
1010 1732 1073 1795 illu·
1093 1741 1121 1785 20

142 1831 251 1895 strium
274 1832 440 1893 ductorum
463 1830 641 1892 testimoniis
667 1833 888 1909 comprobatur.
913 1836 991 1896 Nam
1017 1838 1074 1898 snb

142 1941 244 2001 Numa
259 1938 417 2017 Pompilio,
434 1937 566 1998 secundo
583 1937 790 1996 Romanorum
807 1956 889 2015 rege,
904 1935 962 1999 ritu
976 1938 1075 2000 Genti·

141 2045 217 2107 lium
234 2045 432 2117 sacrificante,
450 2045 540 2104 onmia
554 2043 591 2102 de
604 2041 687 2102 Coelo
702 2040 734 2102 in
750 2042 865 2104 Urbem
877 2065 901 2104 a
917 2044 980 2105 Deo
997 2044 1074 2106 elec·

143 2159 208 2214 tam
229 2152 387 2227 delapsum
412 2149 519 2223 fuisse,
542 2148 640 2209 Livius
662 2148 692 2209 in
714 2147 811 2226 prima
831 2153 916 2227 parte
937 2154 1074 2211 testatur.

145 2257 240 2336 Cujus
268 2256 403 2318 miraculi
421 2257 558 2318 Lucanus
582 2257 612 2318 in
639 2276 718 2318 nono
738 2258 902 2320 Pharsalica
926 2257 1074 2332 meminit,
1095 2275 1124 2320 ns

142 2363 350 2427 incredibilem
366 2363 426 2424 vim
443 2362 549 2437 austri,
563 2383 654 2440 quam
668 2363 761 2441 Libya
774 2364 897 2442 patitur,
913 2362 954 2425 ibi
967 2362 1074 2426 descri-

143 2475 235 2550 bens;
254 2471 296 2534 ait
312 2471 408 2533 enim:

272 2629 289 2656 .·
302 2636 511 2658 ........
534 2597 579 2652 Sic
594 2597 641 2650 illa
655 2596 778 2666 prolecto

270 2687 398 2744 Sacrifico
413 2685 535 2740 cecidere
552 2684 664 2750 Numae,
682 2699 744 2754 quae
759 2681 829 2737 lecta
840 2684 972 2753 juventus

269 2776 388 2830 Patricia
402 2775 506 2828 cervice
522 2777 628 2838 movet,
646 2770 809 2840 spoliaverat
823 2771 941 2840 Auster,
1094 2775 1124 2820 30

273 2869 328 2920 Aut
343 2866 446 2920 Boreas
461 2863 577 2938 populos
592 2861 690 2916 ancilia
706 2866 803 2915 nostra
816 2859 948 2915 serentes.

229 3001 389 3079 Quumque
399 3001 485 3072 Galli,
496 2999 609 3076 reliqua
619 2998 700 3058 Urbe
709 2997 772 3076 jam
784 3000 881 3074 capta,
891 2993 985 3055 noctis
994 3000 1074 3056 tene·

146 3109 210 3170 bris
225 3107 343 3180 confisi,
355 3105 532 3185 Capitolium
546 3104 648 3166 furtim
661 3101 810 3174 subirent,
823 3101 902 3179 quod
917 3101 1014 3161 solnm
1028 3120 1074 3163 re·

148 3216 249 3277 stabat
263 3215 301 3276 ad
315 3215 453 3275 ultimum
465 3210 618 3272 interitum
628 3207 756 3271 Romani
771 3207 914 3282 nominis,
930 3227 1074 3288 amorem,

148 3323 189 3385 ibi
204 3343 266 3386 non
284 3329 355 3384 ante
371 3321 481 3395 risum,
499 3319 641 3381 cecinisse
658 3317 758 3380 Gallos
775 3317 899 3391 adesse,
918 3322 1008 3395 atque
1026 3335 1074 3378 cu·
1094 3329 1121 3372 us

148 3411 251 3492 stodes
277 3430 316 3490 ad
343 3427 561 3488 defensandum
585 3424 762 3505 Capitolium
787 3425 952 3497 excitasse;
974 3421 1072 3483 Livius

149 3543 179 3599 et
198 3535 286 3600 multi
305 3535 466 3614 scriptores
491 3533 622 3607 illustres
649 3531 834 3594 concorditer
860 3534 1074 3591 contestantur.
