2556 4032
446 180 532 221 urana
550 182 705 223 sscuunus.
1002 165 1035 220 77

100 320 156 386 tes,
173 312 319 388 dicimus,
338 313 421 390 quod
437 313 492 374 Pes
508 313 554 373 vel
570 314 635 392 pari
654 315 701 375 vel
717 312 823 391 impari
839 319 935 374 metro
956 332 1034 374 com-

97 419 211 494 pletur:
233 427 263 481 et
280 419 441 497 utrobique
458 418 611 493 comitata,
630 427 659 480 et
675 419 847 480 incomitata
867 418 1032 481 desinentia

97 543 162 585 esse
180 530 304 604 potest;
321 546 395 586 nam
418 525 449 585 in
470 525 533 604 pari
550 533 647 587 metro
664 546 755 586 nemo
771 526 904 599 dubitat3
925 525 956 586 in
973 526 1029 587 atio
1053 549 1081 592 te

96 649 180 703 vero,
195 631 223 690 si
238 632 306 708 quis
325 630 436 691 dubius
454 639 513 705 est,
527 633 701 692 recordetur
719 650 766 704 ea,
782 649 848 706 quae
863 631 990 692 diximus
1004 629 1034 691 in

96 737 337 813 praeimmediato
361 738 490 816 capituto
510 739 548 799 de
567 741 730 816 trysiltabo,
747 739 867 815 quando
888 758 958 816 pars
973 738 1030 798 oxi·

97 848 180 904 stens
195 847 405 924 dodecasyllabi
421 847 501 905 velut
514 845 596 905 Echo
610 847 779 922 respondet.
797 845 834 905 Et
852 843 877 906 si
892 843 923 904 in
940 844 1033 905 altero

97 948 207 1008 Pedum
216 955 357 1011 exortem
367 949 478 1010 rithimi
491 941 687 1011 desinentiam
697 969 765 1011 esse
778 950 942 1028 contingat,
952 949 1034 1010 omni

98 1055 190 1114 modo
202 1055 230 1115 in
248 1057 346 1116 altero
364 1054 420 1116 sibi
435 1055 611 1116 instauratio
625 1057 689 1131 fiat3
700 1057 726 1116 si
738 1077 808 1116 vero
825 1057 963 1134 quaelibet
981 1057 1029 1116 de·
1051 1071 1079 1115 oo

99 1159 224 1221 sinentis
240 1161 273 1220 in
291 1161 386 1221 altero
409 1161 489 1222 Pede
514 1161 623 1222 rithimi
650 1162 832 1224 consortium
855 1163 983 1237 habeat,
999 1163 1029 1224 in

97 1260 190 1323 altero
206 1257 299 1341 prout
314 1263 388 1323 libet
406 1264 519 1324 reterre
536 1267 581 1326 vel
597 1265 731 1327 innovari
747 1268 926 1329 desinentias
942 1270 1028 1344 licet,

96 1367 141 1426 rel
162 1367 310 1442 totaliter,
336 1369 383 1429 vel
401 1368 431 1428 iu
452 1375 555 1446 parte;
577 1372 649 1432 dum
669 1377 772 1433 tamen
792 1374 1023 1452 praeoedentium

97 1474 171 1534 ordo
194 1479 334 1535 serretur
355 1474 385 1534 in
413 1478 526 1550 totum;
552 1483 625 1555 puta
644 1478 669 1538 si
685 1484 830 1550 ¹extremae
851 1479 1022 1541 desinentia

96 1579 281 1655 trimetrum,
302 1581 361 1642 hoc
381 1589 427 1642 est
442 1583 540 1661 prIma
565 1589 595 1645 et
618 1587 733 1660 ultima,
751 1588 974 1664 concrepabunt
994 1587 1023 1646 in
1046 1599 1072 1642 os

98 1684 199 1762 primo
216 1688 302 1764 Pede,
319 1685 362 1747 sic
383 1689 505 1748 secundi
527 1696 676 1750 extremas
694 1691 875 1751 desinentias
894 1691 1030 1754 convenit

100 1808 298 1868 concrepare:
315 1798 346 1854 et
363 1795 483 1872 quatem
499 1814 533 1855 se
554 1795 586 1854 in
608 1797 706 1874 primo
723 1797 822 1856 media
841 1797 920 1857 videt
941 1799 1029 1858 comi·

99 1901 196 1955 tatam
214 1898 331 1974 quidem
348 1900 396 1960 vel
409 1899 632 1974 incomitatam,
650 1899 717 1960 tatis
733 1901 765 1961 in
781 1903 911 1963 secundo
929 1921 1030 1962 resur·

101 2008 168 2076 gat,
186 2010 214 2064 et
233 2003 275 2063 sic
291 2005 327 2064 de
345 2003 409 2064 aliis
424 2006 550 2066 Pedibus
567 2011 612 2066 est
629 2009 819 2068 servandum.
950 2069 952 2074 .

179 2108 213 2167 ln
236 2111 370 2171 Versibus
388 2129 507 2189 quoque
527 2113 589 2174 fere
610 2132 729 2193 semper
748 2115 805 2178 hac
825 2117 890 2195 lege
906 2115 1028 2196 perfrui·
1051 2123 1080 2168 60

101 2232 188 2291 mur;
209 2224 239 2277 et
257 2219 320 2293 fere
343 2218 469 2279 dicimus
479 2221 581 2298 ,quia
604 2227 725 2300 propter
750 2225 1026 2286 concatenationem

101 2331 309 2402 praenotatam,
330 2333 359 2389 et
381 2327 631 2391 combinationem
653 2333 886 2395 desinentiarum
908 2336 1025 2398 ultima·

103 2451 183 2506 rum,
199 2436 376 2512 quandoque
391 2435 528 2496 ordinem
537 2437 601 2514 jam
611 2437 859 2518 diotumperverti
873 2442 1024 2518 contingit.

181 2540 329 2602 Praeterea
349 2541 435 2602 nobis
460 2543 536 2603 bene
558 2545 713 2621 convenire
737 2545 865 2619 videtur,
889 2564 954 2621 quae
980 2565 1028 2606 ca·

100 2651 196 2712 venda
210 2658 283 2712 sunt
294 2649 373 2711 circa
386 2652 530 2729 ritbtmos,
543 2650 611 2710 huic
624 2651 793 2728 appendere
808 2651 947 2729 capitulo,
961 2673 1029 2714 cum
1051 2659 1076 2704 65

101 2754 129 2813 in
144 2755 202 2814 isto
216 2755 308 2816 Libro
320 2756 361 2815 nil
374 2757 497 2818 ulterius
512 2758 549 2816 de
559 2758 742 2817 ritbimorum
756 2756 891 2818 doctrina
903 2765 1026 2834 tangere

100 2860 301 2920 intendamus.
319 2860 389 2921 Tria
405 2881 476 2939 ergo
493 2867 577 2936 sunt,
594 2881 659 2940 quse
677 2861 754 2922 cirea
773 2864 961 2922 rithtmorum
977 2881 1027 2940 po·

101 2966 238 3028 sitionem
247 2967 373 3046 reperiri
381 2969 505 3029 dedecet
514 2968 607 3032 aulice
617 2974 803 3047 poetantem,
815 2968 907 3029 nimia
918 2967 1028 3032 scilicet

101 3075 234 3152 ejusdem
247 3075 363 3134 ritbimi
375 3071 572 3150 repercussio,
584 3073 639 3133 nisi
651 3073 725 3133 torte
734 3091 846 3133 novum
859 3073 968 3151 aliquid
983 3078 1024 3134 at·

101 3204 158 3261 que
166 3185 349 3245 intentatum
361 3178 439 3240 Artis
450 3181 507 3240 hoo
520 3177 575 3239 sibi
588 3182 734 3256 praeroget
742 3202 749 3252 ;
761 3182 793 3237 ut
807 3178 956 3239 nascentis
971 3178 1023 3238 mi·
1046 3194 1074 3240 70

99 3293 166 3354 litiae
185 3294 262 3365 dux,
281 3289 417 3368 quicum
433 3289 514 3348 nulla
533 3287 726 3366 praerogativa
747 3309 834 3350 suam
854 3290 1023 3370 indignatur

101 3399 253 3477 praeterire
267 3399 392 3460 dietam:
403 3397 461 3458 hoc
475 3397 585 3459 etenim
599 3417 654 3458 nos
671 3400 769 3461 facere
783 3402 837 3462 visi
853 3421 957 3462 sumus
970 3401 1026 3462 ibi:

264 3514 392 3578 «Amor,
408 3517 440 3568 tu
456 3513 516 3566 vedi
531 3513 600 3579 ben,
614 3514 665 3567 che
678 3521 775 3586 questa
789 3517 896 3570 Donna.
914 3533 927 3566 a
