2590 4038
214 187 268 243 258
564 199 603 240 nu
620 198 799 240 morannum.

217 335 281 395 sine
298 328 433 404 animali,
452 328 528 390 siout
545 331 626 405 patet
644 299 823 386 oostruendo
842 330 871 386 et
888 327 1072 388 destruendo
1079 351 1086 401 ;
1105 328 1167 405 sio¹

217 440 399 520 impossibile
422 443 483 510 est,
505 436 591 496 Juris
614 433 703 492 finem
727 451 861 508 quarere
889 432 953 492 sine
969 435 1058 509 Jure,
1077 453 1149 493 oum

216 547 354 624 quaelibet
370 563 419 604 res
437 543 475 602 ad
493 540 646 620 proprium
664 537 754 596 finem
772 555 805 596 se
826 537 952 610 habeat,
975 538 1056 597 velut
1078 557 1147 599 con·

168 669 196 714 50
215 673 345 732 sequens
357 653 395 712 ad
409 650 604 711 antecedens:
615 667 686 706 nam
701 645 885 723 impossibile
900 649 959 716 est,
972 647 1084 706 bonam
1100 665 1147 706 va-

215 756 379 817 letudinem
396 755 603 814 membrorum
620 751 765 828 attingere
783 750 847 810 sine
865 751 1001 811 sanitate.
1020 754 1148 829 Propter

215 865 295 942 quod
317 859 538 923 evidentissime
559 861 654 936 patet,
677 857 758 931 quod
779 854 871 914 finem
891 855 977 914 Juris
991 854 1148 916 intenden-

217 980 290 1047 tem,
308 974 425 1056 oportet
442 987 512 1029 eum
528 967 603 1024 Juro
619 963 782 1023 intendere.

294 1077 357 1136 Neo
373 1076 451 1134 valet
468 1068 612 1132 instantia
628 1086 694 1144 quae
709 1067 746 1126 de
763 1065 860 1126 verbis
874 1066 1041 1143 Philosophi
1056 1067 1148 1126 eubu-

169 1201 195 1244 35
214 1185 285 1243 liam
298 1179 525 1259 pertractantis
537 1177 600 1237 elici
611 1175 697 1248 solet;
714 1173 782 1234 dicit
795 1173 874 1234 enim
883 1173 913 1233 in
922 1182 999 1234 sento
1009 1175 1048 1232 ad
1063 1173 1148 1234 Nico·

214 1284 369 1344 maehum:
378 1283 455 1358 falso
464 1283 626 1360 syllopismo
637 1283 754 1356 sortiri,
765 1283 840 1358 quod
850 1283 963 1357 quidem
972 1289 1081 1359 oportet
1088 1301 1147 1342 sor·

212 1391 278 1466 tiro}
287 1410 344 1466 por
361 1391 436 1467 quod
453 1395 561 1464 autem,
575 1407 647 1447 non:
663 1390 713 1447 sed
728 1388 838 1462 falsum
851 1391 976 1448 medium
992 1391 1149 1448 terminum

211 1516 279 1557 osso.
298 1495 377 1555 Nam
395 1495 419 1556 si
441 1515 478 1556 ex
499 1494 581 1555 falsis
603 1494 781 1571 syllogismis
799 1514 905 1555 verum
922 1497 1147 1572 quodammodo

212 1599 411 1674 concluditur,
427 1600 485 1660 hoo
503 1605 548 1659 est
562 1618 616 1677 per
631 1597 781 1672 accidens,
800 1599 831 1658 in
848 1607 995 1676 quantum
1012 1601 1086 1661 illud
1101 1621 1147 1662 ve·

164 1725 193 1770 lo
211 1727 279 1768 rum
295 1709 475 1786 importatur
492 1727 546 1786 per
560 1726 648 1766 voces
666 1703 816 1765 illationis:
830 1725 884 1782 per
899 1725 932 1766 se
947 1705 1027 1766 enim
1041 1727 1148 1768 verum

213 1833 368 1891 nunquam
391 1812 526 1891 sequitur
554 1832 592 1872 ex
618 1810 717 1886 falsis;
740 1813 824 1888 signa
851 1813 1044 1875 tamen'veri
1069 1816 1147 1876 bene

212 1928 379 1996 sequuntur
394 1938 432 1979 ex
449 1917 540 1995 signis
558 1937 624 1993 quae
642 1922 712 1976 sunt
729 1917 813 1994 signa
830 1918 905 1978 falsi.
922 1919 970 1980 Sic
988 1926 1017 1980 et
1033 1919 1065 1979 in
1080 1940 1147 1997 ope·

212 2026 371 2086 rabilibus:
393 2043 465 2084 nam
485 2024 554 2084 licet
581 2023 628 2081 lur
654 2025 691 2083 de
719 2013 797 2084 furto
825 2025 981 2084 subveniat
1007 2023 1145 2103 pauperi,

212 2137 396 2189 nontamen
424 2127 615 2201 eleemosyna
636 2125 797 2186 dicendum
824 2135 883 2188 est:
911 2129 965 2188 sed
996 2135 1041 2188 est
1067 2127 1145 2188 actio

165 2250 193 2294 4⁵
212 2237 365 2312 quaedam,
383 2253 450 2310 quae
467 2234 547 2296 side
567 2232 687 2310 propria
708 2233 878 2293 substantia
898 2234 996 2307 fieret,
1018 2235 1145 2294 eleemo-

213 2358 294 2417 synae
312 2339 440 2399 sormam
457 2339 591 2399 haberet.
610 2337 752 2398 Similiter
769 2348 815 2400 est
832 2342 868 2400 de
886 2341 945 2402 fine
959 2344 1061 2402 Jurio:
1076 2341 1146 2419 quia

213 2447 238 2522 si
254 2443 349 2517 aliud,
367 2449 399 2503 ut
418 2444 484 2504 finis
498 2443 591 2521 ipsius
607 2445 711 2521 luris,
725 2447 841 2522 absque
855 2439 929 2506 Jore
943 2448 1143 2524 obtineretur,

190 2531 254 2609 Qiia
271 2555 352 2609 esset
372 2550 457 2609 Joris
476 2548 559 2622 finis,
581 2551 639 2610 hoo
659 2557 705 2611 est
731 2552 845 2610 bonum
867 2569 1040 2625 commune,
1068 2553 1144 2614 sio-ut

214 2657 353 2718 exhibitio
371 2658 451 2718 facta
469 2658 599 2718 demate
617 2657 763 2734 acquisito
784 2664 864 2719 esset
887 2661 1090 2736 eleemosyna3
1114 2667 1144 2720 et

166 2776 195 2821 oo
214 2764 272 2838 sio,
291 2785 361 2825 cum
381 2766 412 2825 in
429 2765 629 2844 propositione
650 2764 765 2824 dicatur
781 2764 818 2824 de
836 2763 895 2823 fine
911 2764 999 2823 Jorio
1016 2764 1143 2823 existen·

213 2874 259 2940 te,
278 2887 339 2928 non
365 2873 482 2927 tantum
509 2873 690 2944 apparente,
708 2866 851 2929 instantia
875 2869 958 2929 nulla
980 2875 1035 2928 est.
1057 2870 1142 2930 Patet

211 2955 300 3052 igitur
318 2976 397 3052 quod
414 2974 614 3051 quaerebatur.
834 2969 836 2972 ’
