2590 4038
254 169 308 225 234
604 177 643 218 DE
662 175 841 218 nonnucffln.

256 329 328 372 vero
345 311 383 370 ab
407 307 554 386 appetitu,
573 327 751 386 quoeunque
767 308 858 368 modo
879 307 1092 386 preveniente,
1111 309 1190 388 judi·
1287 329 1288 374 t

257 411 336 474 oium
356 419 525 486 moveatur,
547 413 675 474 liberum
696 433 845 474 essenon
867 418 980 491 potest,
1003 413 1072 490 quie
1093 434 1189 476 nona
1287 449 1288 468 r

208 525 237 570 ²⁰
257 539 303 594 se,
325 521 379 580 sed
400 521 438 580 ab
461 519 519 580 elio
537 518 689 598 captivum
709 519 847 580 trahitur.
869 519 909 579 Et·
929 519 998 580 hine
1020 524 1078 593 est,
1107 523 1190 598 quod

255 628 345 688 brute
363 627 507 706 judicium
527 627 655 688 liberum
676 627 788 687 habere
810 645 871 686 non
891 629 1032 703 possunt,
1052 623 1123 701 quia
1142 643 1190 686 eo·

255 752 325 794 rum
348 733 459 812 judicie
487 753 607 812 semper
635 733 767 812 appetitu
797 732 1028 810 preveniuntur.
1054 731 1092 792 Et
1118 731 1189 792 hinc

255 837 345 900 etiem
372 847 475 917 patere
500 839 612 917 potest,
639 839 721 916 quod
744 838 927 899 Substantiae
954 839 1187 913 intellectuales
1287 917 1288 928 ἵ

255 957 385 1022 querum
403 950 472 1003 sunt
495 944 698 1004 immutabiles
719 945 899 1018 voluntates
918 964 975 1006 nee
995 964 1057 1006 non
1079 945 1190 1008 animae

206 1056 233 1099 2⁵
255 1057 401 1128 seperatae
424 1050 502 1109 bene
522 1050 593 1110 hine
619 1051 782 1123 obeuntes,
807 1051 978 1110 libertatern
1007 1050 1122 1112 arbitrii
1149 1050 1189 1111 ob
1287 1037 1288 1090 l

253 1153 526 1215 immutabilitatem
541 1156 702 1216 voluntatis
719 1177 781 1216 non
795 1157 948 1230 amittunt,
966 1158 1020 1216 sed
1034 1154 1188 1234 perfectis·
1287 1185 1288 1200 r

254 1259 330 1321 sime
354 1266 445 1338 atque
461 1259 617 1339 potissime
637 1261 716 1322 hane
731 1261 868 1322 retinent.
887 1262 954 1320 Hoc
976 1260 1055 1334 viso,
1077 1261 1188 1324 iterum
1287 1253 1288 1306 Ῠ

162 1413 164 1419 .
254 1363 448 1426 manifestum
465 1386 532 1427 esse
552 1371 665 1446 potest,
684 1368 764 1444 quod
781 1368 844 1427 haeo
860 1345 1012 1438 Libertas,
1030 1365 1093 1426 sire
1111 1367 1189 1444 prin·

254 1469 364 1548 cipium
381 1471 439 1532 hoe
456 1469 546 1530 totius
563 1474 673 1530 nostrae
694 1468 859 1542 libertatis,
876 1476 923 1530 est
947 1467 1116 1530 maximum
1138 1469 1189 1529 do·

207 1588 235 1634 30
255 1598 329 1639 num
342 1579 482 1640 humanae
497 1579 618 1640 Naturae
635 1597 653 1637 a
669 1577 732 1637 Deo
750 1575 907 1636 collatum:
927 1571 997 1649 quia
1013 1591 1067 1649 per
1083 1569 1185 1648 ipsum

252 1681 302 1742 hie
323 1681 515 1754 felicitamur,
540 1687 574 1742 ut
596 1678 751 1740 homines:
776 1697 830 1756 per
851 1677 952 1755 ipsum
969 1675 1039 1736 alibi
1064 1661 1184 1737 felicite-

252 1807 336 1863 mur,
360 1796 393 1849 ut
414 1788 461 1849 dii.
486 1789 573 1862 Quod
594 1785 620 1848 si
638 1787 680 1847 ite
701 1790 760 1857 est,
778 1782 845 1860 quis
867 1782 923 1843 erit
943 1781 993 1860 qui
1015 1782 1185 1842 humanum
1287 1797 1288 1824 ὲ

251 1896 353 1958 Genus
370 1896 481 1974 optime
498 1913 531 1956 se
547 1894 661 1954 habere
677 1910 738 1952 non
754 1890 848 1962 dicet,
865 1907 935 1949 cum
951 1886 1109 1964 potissime
1126 1887 1183 1948 hoo

251 2001 395 2081 principio
415 2001 510 2077 possit
535 1999 599 2060 uti?
620 1998 680 2058 Sed
701 1997 834 2057 existens
863 1995 920 2056 sub
945 1993 1108 2055 Monarcha
1136 1999 1183 2056 est

205 2120 231 2164 uo
252 2105 406 2186 potissime
425 2105 562 2164 liberum.
583 2103 708 2177 Propter
725 2101 806 2177 quod
823 2099 989 2172 sciendum,
1009 2099 1090 2176 quod
1109 2099 1182 2160 illud

253 2216 299 2272 est
324 2208 466 2282 liberum,
495 2231 510 2262 ι
534 2209 615 2286 quod
639 2206 763 2280 suimet,
790 2210 820 2266 et
848 2225 909 2268 non
937 2204 1059 2288 alterius
1086 2205 1183 2282 gratia
1287 2193 1288 2198 ¹

253 2317 314 2376 est:
333 2333 348 2368 s
370 2316 404 2372 ut
423 2313 596 2390 Philosopho
621 2311 720 2388 placet
743 2310 774 2371 in
800 2309 835 2371 iis
865 2331 931 2389 quae
952 2314 987 2372 de
1006 2314 1182 2390 simpliciter

159 2433 162 2440 “
251 2420 335 2482 Ente.
353 2418 431 2480 Nem
452 2418 482 2480 id
502 2419 583 2496 quod
598 2425 644 2480 est
661 2417 781 2477 alterius
798 2417 905 2495 gratia,
923 2419 1125 2481 necessitatur
1141 2423 1181 2482 eb

250 2525 301 2586 illo
322 2525 408 2603 cujus
429 2525 524 2604 gretia
541 2531 602 2598 est,
621 2525 698 2586 sieut
718 2526 767 2586 via
786 2527 984 2590 necessitatur
1002 2551 1020 2590 a
1041 2530 1181 2594 termino.

203 2650 232 2696 40
251 2635 353 2696 Genus
375 2634 554 2707 humanum,
578 2635 676 2696 solum
697 2633 865 2712 imperante
887 2637 1063 2715 Monarolro,
1080 2637 1129 2698 sui
1150 2643 1181 2698 et
1287 2655 1288 2660 ’

251 2759 313 2801 non
329 2741 451 2801 alterius
467 2741 572 2818 gretia,
592 2746 654 2802 est:
672 2745 744 2802 tuno
762 2743 841 2802 enirn
863 2742 961 2803 solum
985 2742 1098 2804 Politiae
1116 2744 1183 2806 diri·

252 2848 362 2921 guntur
377 2843 516 2921 obliquae,
534 2845 731 2907 Democratiae
751 2847 874 2924 seilicet,
892 2849 1067 2928 Oligarehiae
1087 2857 1181 2930 atque

251 2954 451 3033 Tyrannides‚
464 2975 530 3033 quae
540 2956 570 3017 in
580 2957 754 3020 servitutem
764 2969 873 3037 cogunt
884 2961 985 3022 Genus
995 2961 1180 3036 humanum,

249 3067 284 3122 ut
306 3065 389 3138 patet
413 3061 590 3123 discurrenti
611 3082 665 3140 per
686 3084 807 3139 omnes3
833 3071 862 3126 et
885 3066 1038 3144 politizant
1064 3067 1178 3144 Reges,

202 3181 230 3226 4⁵
250 3162 464 3239 Aristocratiei,
490 3187 566 3245 quos
587 3168 753 3247 Optimetes
775 3179 896 3246 vocant,
916 3177 946 3234 et
965 3172 1068 3252 populi
1090 3172 1179 3234 liber·

250 3268 320 3331 tatis
337 3272 491 3334 zelatores.
510 3276 585 3348 Quia
602 3297 671 3338 eum
688 3281 849 3340 Monorelro
862 3279 994 3342 maxime
1008 3279 1111 3358 diligat
1127 3280 1181 3342 ho-

250 3372 364 3450 mineS,
383 3380 416 3434 ut
431 3377 495 3453 jam
511 3383 626 3442 tactum
644 3387 701 3457 est,
723 3385 786 3446 vult
802 3404 909 3448 omnes
926 3387 1063 3448 homines
1081 3389 1181 3450 bonos

151 3495 154 3504 ·
250 3481 330 3542 fieri:
349 3483 430 3559 quod
453 3503 519 3546 esse
540 3505 601 3546 non
617 3495 717 3565 potest
735 3492 814 3570 apud
831 3492 951 3570 oblique
968 3492 1179 3573 politizantes3
1287 3541 1288 3552 ,
