2590 4038
453 225 540 268 uinea
558 227 677 272 paruus.
849 293 852 299 ,
979 227 1032 284 219
1105 223 1107 228 ’

92 370 146 432 pro
175 352 359 414 certitudine
386 355 520 418 omnium
546 361 784 440 propositionum
812 389 878 447 quae
904 371 1080 437 inferius1⁵

93 459 307 520 adsumuntur.
328 459 366 520 Et
387 463 456 538 quia
477 484 611 541 praesens
633 467 791 532 Tractatus
813 478 859 534 est
881 472 1029 552 inquisitio

94 565 253 642 quaedam,
271 571 342 626 ante
360 568 461 628 omnia
477 570 514 630 de
530 570 673 650 principio
691 579 887 641 scrutandum
909 601 975 643 esse
992 583 1031 644 vi·

95 669 196 744 detur,
213 669 245 730 in
263 671 351 749 cujus
368 671 476 742 virtute
490 674 632 740 interiora
648 681 819 745 consistant.

488 999 585 1061 Gerar
606 1003 652 1064 III.

146 1213 221 1258 uado
236 1223 323 1260 eorum
338 1225 393 1269 quae
407 1216 508 1264 suntad
520 1216 606 1261 Finem
619 1217 650 1262 ab
663 1218 716 1272 ipso
729 1219 789 1265 Fine
803 1223 922 1268 sumenda
936 1227 980 1268 est.

181 1449 238 1509 Est
255 1467 328 1526 ergo
345 1447 513 1523 sciendum,
532 1452 612 1528 quod
633 1453 772 1530 quaedam
792 1459 874 1526 sunt,
897 1473 964 1531 quae
985 1475 1039 1517 no-

98 1560 172 1615 strae
193 1553 338 1632 potestati
357 1552 479 1616 minime
503 1555 703 1632 subjacentia,
732 1558 880 1635 speculari
905 1562 1039 1619 tantum·

99 1663 195 1724 modo
213 1679 390 1739 possumuS,
412 1660 529 1737 operari
550 1666 652 1721 autem
671 1679 747 1732 non,
762 1658 851 1720 'vetut
872 1660 1036 1723 Mathema-

99 1767 196 1840 thica,
207 1765 338 1843 Physica
352 1769 382 1826 et
390 1765 504 1826 Divina.
516 1765 661 1842 Quaedam
675 1785 745 1826 vero
760 1769 831 1826 sunt
843 1784 910 1841 quae
924 1769 1035 1824 nostrae

99 1875 248 1955 potestati
278 1873 481 1952 subjacentia,
510 1895 572 1936 non
602 1875 701 1936 solum
728 1874 893 1952 speculari,
925 1875 980 1935 sed
1007 1881 1070 1936 eto

102 1981 225 2060 operari
246 1999 420 2058 possumus:
442 1988 472 2042 et
488 1981 519 2041 in
542 1980 578 2040 iis
599 1999 661 2041 non
680 1981 813 2060 operatio
834 1986 957 2059 propter
972 2001 1037 2061 spe·

102 2088 306 2161 culationem,
320 2087 375 2148 sed
388 2088 453 2148 haec
466 2092 588 2164 propter
600 2087 683 2147 illam
696 2087 876 2162 adsumitur,
895 2087 1039 2166 quoniam

101 2197 136 2258 in
152 2195 266 2256 talibus
283 2194 415 2273 operatio
433 2200 479 2256 est
496 2194 572 2254 finis.
590 2193 668 2254 Cum
682 2213 751 2272 ergo
766 2195 892 2256 materia
905 2215 1039 2274 praesens

103 2303 229 2385 politica
245 2303 300 2376 sit,
317 2302 378 2364 imo
398 2301 465 2364 tons
491 2309 581 2378 atque
604 2301 781 2381 principium
799 2308 951 2364 rectarum
969 2303 1041 2380 poli·

104 2408 233 2470 tiarum:
251 2413 281 2466 et
298 2425 388 2466 omne
404 2404 557 2484 politicum
573 2411 684 2466 nostrae
705 2409 846 2485 potestati
869 2411 1037 2487 subjaceat:
1058 2426 1089 2470 10

106 2513 305 2575 manifestum
323 2518 381 2585 est,
399 2513 480 2589 quod
497 2510 623 2573 materia
637 2532 771 2589 praesens
790 2534 854 2574 non
874 2517 913 2574 ad
934 2533 1040 2591 specu·

106 2615 255 2678 lationem
283 2636 337 2694 per
366 2615 464 2694 priua,
492 2619 546 2678 sed
575 2618 614 2678 ad
644 2619 849 2696 operationem
874 2620 1039 2683 ordinatur.

77 2777 84 2796 ,
108 2723 244 2796 Rursus,
262 2742 331 2784 eum
347 2722 378 2784 in
394 2723 594 2802 operabilibus
615 2724 792 2802 principium
814 2729 844 2786 et
864 2745 955 2787 causa
977 2747 1040 2789 om-

110 2831 198 2892 nium
218 2830 256 2891 sit
278 2829 401 2892 ultimus
422 2830 502 2892 Finis
520 2834 633 2907 (movet
655 2830 734 2892 enim
756 2830 852 2908 primo
878 2829 1040 2907 agentem),

111 2954 302 3012 consequens
330 2939 392 3007 est,
414 2939 448 2995 ut
468 2933 565 2996 omnis
585 2934 661 2997 ratio
687 2955 791 2998 eorum
817 2955 883 3014 quae
909 2941 980 2996 sunt
1003 2939 1042 2998 ad
1061 2951 1092 2996 15

111 3043 233 3117 Finem,
250 3044 289 3104 ab
306 3041 371 3120 ipso
381 3041 453 3103 Fine
470 3045 620 3104 sumatur:
642 3062 714 3104 nam
733 3041 792 3103 alia
809 3041 864 3103 erit
879 3040 955 3102 ratio
973 3041 1042 3106 inci-

113 3151 205 3213 dendi
224 3151 341 3228 lignum
360 3154 483 3228 propter
505 3150 630 3210 domum
654 3150 901 3224 construendam,
931 3154 961 3212 et
986 3151 1043 3214 alia

112 3263 238 3339 propter
255 3257 364 3319 navim.
386 3259 461 3320 Illud
479 3257 580 3336 igitur,
598 3256 623 3318 si
644 3257 790 3336 quidest,
808 3260 889 3337 quod
910 3258 948 3320 sit
964 3259 1043 3322 Finis

111 3365 237 3429 ultimus
255 3364 409 3427 Civilitatis
424 3363 549 3425 humani
558 3361 694 3436 Generis,
712 3364 767 3424 erit
783 3363 840 3425 hoc
853 3363 1043 3443 principium,

112 3493 168 3552 per
185 3473 268 3551 quod
283 3470 385 3532 omnia
398 3489 465 3548 quae
480 3469 603 3531 inferius
617 3469 772 3548 probanda
786 3473 869 3542 sunt,
883 3473 971 3530 erunt
984 3487 1045 3529 ma·
1065 3479 1095 3525 ao

112 3579 225 3644 nitesta
243 3579 435 3643 sufficienter.
451 3579 526 3645 Esse
547 3584 649 3641 autem
664 3577 769 3641 Finem
786 3575 876 3652 hujus
893 3573 1044 3636 Civilitatis
