2560 4022
252 186 288 240 54
521 196 558 238 ns
575 195 701 239 vulsum
719 197 914 260 nnoounurru.

290 305 292 312 Ι
334 331 421 392 Nunc
440 333 542 390 autem
561 346 627 405 quae
647 327 705 390 sint
724 327 790 405 ipsa
809 347 963 390 venemur.
982 325 1029 388 Ad
1050 347 1182 405 quorum

208 456 233 499 aa
254 435 431 498 evidentiam
452 434 608 496 sciendum
627 437 685 507 est,
708 435 788 509 quod
812 437 888 494 slcut
916 434 1006 493 bomo
1026 432 1180 513 tripliciter

254 542 426 621 spirituatus
448 544 505 614 est,
528 538 663 600 videlicet
685 537 869 615 vegetabilis,
890 537 1027 599 animalis
1046 547 1076 600 et
1092 541 1181 602 ratio·

253 647 346 720 nalis,
371 645 479 725 triplex
499 645 555 706 iter
573 645 772 723 perambulat.
795 642 874 704 Nam
902 645 1069 706 secundum
1097 647 1178 722 quod

252 758 407 836 aequabitis
421 759 481 828 est,
494 753 565 814 utile
582 752 701 836 quaerit,
719 751 750 812 in
766 771 825 829 quo
839 771 908 812 cum
921 751 1029 831 plantis
1043 771 1179 814 commu-

252 861 345 936 nicat;
363 855 620 936 secundum'quod
629 860 780 936 animulis,
795 857 980 932 delectabile,
995 859 1026 920 in
1040 879 1181 937 quocum

204 975 233 1019 ⁴⁰
251 968 360 1043 brutis;
375 967 543 1028 secundum
555 968 635 1043 quod
648 967 816 1044 retinaculis,
832 965 993 1026 honestum
1014 967 1133 1042 quaerit,
1150 967 1180 1028 in

251 1096 311 1155 quo
332 1076 413 1136 solus
435 1078 493 1147 est,
512 1074 560 1134 vel
575 1073 722 1150 Angelicae
739 1080 856 1134 naturae
876 1071 1015 1133 sociatur.
1036 1074 1095 1134 Per
1115 1073 1180 1135 haec

158 1152 160 1170 ’
252 1182 309 1242 tria
325 1179 465 1258 quicquid
481 1179 609 1256 agimus,
627 1199 715 1257 agere
731 1179 882 1252 videmur3
901 1182 930 1240 et
947 1177 1016 1254 quia
1032 1176 1063 1236 in
1084 1175 1176 1254 quoli-

251 1285 302 1346 bet
321 1283 447 1344 istorum
471 1283 609 1360 quaedam
634 1288 704 1344 sunt
723 1284 852 1361 majora,
870 1283 1008 1361 quaedam
1032 1283 1179 1372 manima,¹

252 1391 417 1450 secundum
432 1389 512 1466 quod
528 1389 612 1462 talia,
630 1408 696 1466 quae
713 1389 844 1450 maxima
859 1394 941 1463 sunt,
959 1389 1090 1452 maxime
1112 1411 1179 1470 per·

203 1505 230 1551 45
248 1497 405 1557 tractanda
417 1494 568 1568 videntur;
582 1499 611 1556 et
622 1514 677 1574 per
690 1515 877 1574 consequens
894 1496 1027 1559 maximo
1045 1498 1176 1576 Vulgari.

329 1603 389 1664 Sed
403 1601 611 1663 disserendum
628 1608 686 1675 est,
703 1621 770 1680 quae
783 1602 918 1663 maxima
934 1603 993 1664 sint
1006 1627 1013 1679 ;
1035 1609 1065 1665 et
1081 1604 1179 1682 primo

248 1711 279 1770 in
293 1728 328 1770 eo
342 1709 423 1785 quod
436 1715 482 1769 est
495 1709 577 1768 utute:
592 1707 624 1767 in
638 1727 710 1784 quo,
725 1708 750 1768 si
767 1709 872 1770 callide
889 1711 1114 1771 consideremus
1130 1712 1171 1772 in-

249 1820 366 1878 tentum
379 1813 513 1876 omnium
526 1814 723 1892 quaerentium
736 1814 905 1890 utilitatem,
921 1817 962 1878 nil
975 1816 1067 1889 aliud,
1084 1837 1177 1895 quam

248 1923 374 1982 Salutem
384 1920 578 1981 inveniemus.
593 1921 729 1982 Secundo
739 1921 770 1982 in
784 1941 833 1997 eo,
848 1924 928 2001 quod
942 1928 988 1984 est
1000 1925 1175 1985 delectabile:

200 2043 230 2089 ⁵0
248 2027 279 2089 in
293 2047 352 2106 quo
369 2027 494 2088 dicimus
510 2028 582 2089 illud
597 2047 664 2088 esse
678 2027 809 2090 maxime
823 2031 1011 2104 delectabile,
1025 2033 1105 2109 quod
1120 2051 1176 2109 per

248 2134 496 2216 pretiosissimum
508 2135 661 2212 objectum
673 2135 822 2213 appetitus
840 2136 981 2198 delectat:
996 2137 1054 2198 hoc
1072 2145 1177 2199 autem

254 2244 348 2302 Venus
373 2247 428 2302 est.
454 2240 554 2302 Tertio
577 2241 610 2301 in¹
635 2260 682 2314 eo,
708 2242 789 2318 quod
815 2247 861 2303 est
881 2244 1041 2305 honestum:
1065 2243 1097 2303 in
1117 2264 1178 2321 quo

248 2367 338 2409 nemo
354 2347 470 2408 dubitat
486 2366 556 2424 esse¹
574 2348 721 2408 Virtutum
737 2349 836 2422 Quare
852 2350 916 2411 haec
933 2351 1002 2424 tria,
1024 2352 1112 2412 Salus
1137 2354 1177 2413 vi-

249 2455 368 2530 delicet,
388 2457 495 2535 Venus,
517 2458 616 2517 Virtus
628 2462 773 2534 apparent
787 2477 853 2518 esse
865 2458 915 2518 illa
929 2459 1091 2534 magnalia,
1108 2477 1175 2536 quae

203 2581 230 2624 es
249 2562 309 2624 sint
332 2561 462 2623 maxime
489 2563 714 2640 pertractanda,
742 2562 799 2623 hoc
819 2568 866 2624 est
886 2582 935 2637 ea,
957 2582 1023 2640 quac
1044 2565 1177 2625 maxima

250 2675 320 2730 sunt
341 2670 379 2730 ad
398 2669 471 2742 ista,
492 2673 524 2729 ut
544 2687 697 2729 armorum
716 2669 863 2747 Probith
888 2669 998 2729 amoris
1020 2669 1173 2747 Acceuaio,

248 2781 281 2834 ct
305 2775 433 2836 Directu'o
452 2773 620 2836 voluntatis.
643 2773 729 2835 Circa
750 2791 816 2851 quae
841 2773 917 2848 sola,
936 2773 960 2834 si
977 2775 1054 2835 bene
1071 2775 1174 2836 recoli·

248 2899 329 2955 mus,
358 2880 488 2942 illustres
518 2880 597 2942 viros
629 2878 797 2940 invenimus
825 2879 987 2958 vulgariter
1018 2887 1175 2960 poetasse;

249 2987 359 3048 scilicet
371 2981 563 3050 Bertramum
579 2989 616 3048 de
633 2987 757 3062 Bornio,
769 2988 877 3067 Arum
891 2988 1055 3077 Ar-naldum
1062 2989 1180 3072 Darde

204 3103 232 3148 sc
250 3093 323 3180 lem,
344 3094 495 3173 pauorem
519 3094 685 3156 Gerardum
706 3095 743 3155 de
769 3095 920 3170 Bornello,
945 3085 1173 3171 RestitudiuuM

248 3196 357 3258 (tinum
378 3197 605 3275 Pistoriensem,
631 3200 783 3275 Amorem·
811 3201 951 3264 Amicum
982 3205 1062 3283 ejus,
1084 3205 1175 3264 Recti-

248 3308 382 3366 tudinem.

328 3403 503 3464 Bertramus
520 3404 630 3466 etenim
646 3404 701 3467 ait:

337 3531 424 3588 «Non
439 3548 524 3606 puesc
538 3533 638 3590 mudar
653 3535 740 3608 qu'un
754 3535 869 3591 chantar
882 3553 939 3593 non
955 3537 1100 3610 espanja.»
