2560 4022
469 183 557 226 unna
575 183 692 227 paruus.
1011 178 1046 230 45

114 319 258 373 surantur
269 330 343 384 uno,
356 318 386 371 et
396 310 494 388 plura,
504 312 551 370 vel
561 311 700 389 pauciora
711 313 863 390 dicuntur,
878 321 1045 383 secundum
1064 340 1094 386 10

113 422 192 498 quod
215 419 329 481 distant
351 420 389 479 ab
410 438 484 492 uno,
505 420 551 478 vel
568 420 595 480 ei
611 419 826 498 propinquant3
847 431 876 486 et
892 425 934 486 sio
950 427 981 486 in
998 447 1044 490 co-

111 524 227 584 loribus
242 542 350 583 omnes
368 521 446 583 Albo
463 527 690 598 mensurantur;
711 544 784 584 nam
798 524 927 591 visibiles
949 532 1044 609 magis

112 631 266 703 dicuntur,
290 633 321 689 et
340 628 455 701 minus,
473 631 640 689 secundum
657 631 737 708 quod
758 634 917 709 accedunt,
938 639 986 698 vel
1001 659 1046 701 re·

114 741 232 800 cedunt.
252 739 291 798 Et
309 735 565 814 quemadmodum
585 736 623 794 de
639 733 675 796 iis
692 734 830 810 dicimuS,
849 756 915 814 quae
932 743 1046 816 quanti·

116 849 208 905 tatem
232 849 262 905 et
291 841 467 924 qualitatem
492 841 667 915 ostendunt,
685 843 723 903 de
747 841 1047 920 praedioamentorum
1066 861 1093 905 lo

116 950 259 1027 quolibet,
283 956 313 1009 et
335 949 372 1008 de
388 947 556 1008 substantia
572 967 662 1026 posse
679 949 736 1010 dici
755 959 913 1029 putamus,
937 953 1047 1016 seilicet

117 1058 195 1133 quod
221 1054 463 1131 unumquodque
488 1053 690 1116 mensurabile
717 1054 755 1117 sit
780 1055 812 1117 in
842 1076 951 1134 genere
980 1060 1045 1134 illo,

114 1163 282 1234 seeundum
303 1160 334 1220 id
356 1160 437 1236 quod
451 1159 703 1238 simplicissimum
724 1166 769 1222 est
790 1161 906 1242 inipso
927 1185 1046 1242 genere.

114 1269 304 1346 Quapropter
323 1267 355 1326 in
376 1265 541 1328 actionibus
562 1267 686 1342 nostrie,
705 1278 985 1352 quantumcumque
1007 1275 1047 1335 di·

113 1375 249 1434 vidantur
262 1373 295 1432 in
310 1371 439 1450 species,
454 1371 511 1432 hoo
527 1373 646 1450 signum
660 1373 784 1438 inveniri
799 1387 928 1456 oportet,
943 1401 1001 1458 quo
1018 1389 1047 1444 et
1066 1390 1096 1436 20

114 1480 184 1558 ipsae
198 1486 423 1541 mensurentur.
440 1479 587 1553 Primum,
606 1480 637 1540 in
658 1487 804 1559 quantum
821 1484 991 1562 simpliciter
1013 1493 1047 1548 ut

113 1590 249 1652 homines
263 1589 394 1667 agimus,
403 1586 550 1648 Virtutem
563 1589 725 1663 habemuS,
739 1595 773 1650 ut
791 1590 969 1668 generaliter
979 1592 1045 1652 illas

114 1699 326 1777 intelligamus3
344 1716 430 1770 nam,
446 1699 611 1758 seeundum
625 1698 738 1776 ipsam,
753 1700 868 1761 bonum
883 1709 913 1762 et
931 1703 1047 1762 malum

117 1802 272 1862 hominem
293 1801 476 1880 judicamus:
503 1801 535 1861 in
562 1809 708 1878 quantum
737 1810 771 1867 ut
800 1803 937 1864 homines
966 1805 1046 1867 cives

118 1905 245 1984 agimuS,
260 1907 410 1968 habemus
424 1907 549 1984 Legem,
567 1907 734 1969 secundum
748 1927 841 1985 quam
855 1908 960 1970 dicitur
977 1909 1046 1970 civis
1066 1935 1093 1979 25

117 2020 210 2080 bonus
225 2023 256 2078 et
272 2018 386 2078 malus:
400 2017 431 2076 in
445 2023 593 2093 quantum
606 2021 640 2076 ut
654 2014 790 2078 homines
802 2016 900 2078 Latini
917 2016 1047 2096 agimuS,

117 2125 254 2200 quaedam
274 2123 424 2184 habemus
446 2121 665 2200 simplicissima
686 2123 783 2201 signa,
808 2123 886 2187 idest
913 2145 1045 2201 morum,

118 2233 147 2288 et
159 2229 331 2300 habituum,
347 2234 377 2288 et
389 2227 562 2301 locutionis,
577 2228 684 2306 quibus
700 2230 811 2292 Latinae
825 2232 956 2294 actiones
975 2252 1047 2311 pon·

118 2337 272 2409 derantur,
302 2343 334 2396 et
359 2339 582 2396 mensurantur.
610 2333 683 2406 Quae
710 2333 831 2412 quidem
860 2335 1046 2396 nobilissima

119 2452 190 2505 sunt
209 2463 325 2517 earum,
344 2461 411 2518 quae
428 2439 601 2502 Latinorum
622 2447 705 2513 sunt,
723 2440 887 2514 actionum,
903 2442 968 2501 haeo
986 2442 1047 2501 nul·
1067 2454 1095 2500 oo

118 2548 173 2610 lius
193 2547 319 2610 civitatis
339 2545 430 2608 ltaliae
447 2545 568 2625 propria
586 2549 670 2619 sunt,
689 2547 789 2607 sedin
806 2545 945 2606 omnihus
968 2563 1051 2604 com--

116 2655 216 2716 munia
237 2658 318 2714 sunt.
339 2653 419 2713 Inter
439 2671 506 2730 quae
526 2670 607 2712 nuno
631 2657 730 2728 potest
749 2650 877 2712 discerni
901 2651 1044 2729 Vulgare,

117 2739 195 2838 quod
221 2758 362 2838 superius
388 2759 586 2830 venabamur,
613 2758 694 2833 quod
719 2757 750 2816 in
777 2757 909 2834 qualibet
928 2759 1044 2819 redolet

117 2868 249 2942 civitate,
270 2885 329 2927 neo
350 2867 440 2926 cubat
455 2865 486 2925 in
502 2865 570 2927 ulla.
588 2864 691 2926 Potest
706 2871 810 2925 tamen
825 2863 921 2941 magis
939 2863 971 2924 in
986 2884 1047 2925 una

118 2992 209 3050 quam
227 2973 261 3032 in
282 2971 341 3033 alia
361 2970 509 3044 redolere,
531 2968 607 3030 sieut
627 2966 846 3048 simplicissima
867 2968 1044 3032 substantia·
1065 2989 1091 3032 an

115 3099 197 3153 rum,
208 3099 276 3158 quae
289 3078 372 3140 Deus
387 3086 447 3152 est,
462 3077 512 3156 qui
525 3077 556 3138 in
571 3078 693 3140 homine
706 3077 802 3156 magis
815 3079 943 3154 redolet,
954 3100 1047 3158 quam

115 3185 145 3246 in
159 3187 262 3248 bruto:
274 3183 307 3244 in
316 3181 454 3257 animali,
465 3183 596 3260 quamdo
605 3185 720 3262 planta:
731 3183 765 3246 in
771 3185 829 3247 hac
836 3231 843 3261 ‚
855 3206 948 3265 quarn
956 3187 987 3246 iu
995 3186 1047 3247 mi·

115 3299 201 3356 nera:
218 3295 251 3355 in
266 3293 338 3366 hao,
357 3311 449 3370 quam
464 3291 495 3352 in
511 3290 591 3368 igne:
605 3291 637 3352 in
650 3291 730 3370 igne,
748 3312 840 3370 quam
856 3293 887 3354 in
903 3302 994 3356 terra.
1010 3293 1048 3354 Et

115 3400 338 3481 simplicissima
356 3397 519 3477 quantitas,
538 3399 618 3476 quod
636 3403 681 3458 est
697 3397 810 3473 Unum,
828 3399 858 3459 in
875 3398 981 3476 impari
994 3417 1046 3458 nu·

113 3535 198 3578 mero
211 3515 332 3578 redolet
348 3511 443 3588 magis
461 3528 553 3588 quam
565 3508 596 3568 in
609 3505 688 3585 pari,
703 3512 733 3568 et
748 3505 985 3584 simplicissimus
1001 3521 1047 3563 oo·
1068 3523 1096 3567 40
