2560 4022
452 193 539 234 arnna
557 193 675 236 rursus.
992 185 1028 240 25

92 327 239 405 primitus,
258 327 392 407 primum
405 329 559 390 hominem
573 330 718 392 direxisse
730 332 924 407 locutionem,
939 332 1025 395 ratio·

91 434 225 496 rabiliter
240 435 367 496 dicimus
379 433 479 512 ipsum
493 435 680 513 Loquentem
693 437 835 515 primum,
846 457 917 500 mox
925 483 932 512 ,
946 447 1025 517 post·

90 559 176 617 quam
204 540 330 601 afflatus
357 548 404 600 est
428 541 467 600 ab
495 540 648 603 animante
675 543 795 616 virtute,
819 545 1060 608 incunctanter5

94 645 184 707 fuisse
199 647 352 707 locutum.
365 645 446 704 Nam
462 644 492 703 in
506 645 627 706 homine
648 646 751 706 sentiri
767 646 928 709 humanius
954 668 1024 710 cre-

90 761 198 836 dimus,
230 781 327 840 quam
354 759 478 835 sentire,
506 762 669 823 dummodo
692 761 850 836 sentiatur,
873 771 903 824 et
919 763 1027 825 sentiat

89 876 236 948 tanquam
259 871 362 931 homo.
380 871 413 932 Si
430 889 499 948 ergo
520 872 618 932 Faber
637 871 699 945 ille,
722 879 813 949 atque
836 871 1025 948 perfectionis

90 975 269 1055 principium
286 983 315 1038 et
331 986 462 1050 amator,
477 979 621 1052 afflando,
636 979 765 1058 primurn
780 979 934 1042 hominem
945 982 1027 1041 omni

90 1083 276 1160 perfectione
294 1083 467 1162 complevit,
490 1084 665 1146 rationabile
681 1085 768 1146 nobis
786 1094 923 1164 apparet,
945 1087 1026 1147 nobi·
1045 1104 1076 1150 to

90 1189 240 1250 lissimum
251 1189 365 1249 animal
375 1209 437 1248 non
449 1194 518 1250 ante
529 1190 651 1264 sentire,
668 1211 759 1268 quam
776 1192 877 1254 sentiri
889 1193 1025 1272 coepisse.

92 1293 121 1354 Si
137 1296 206 1372 quis
223 1313 298 1356 vero
315 1293 425 1354 fatetur
443 1302 546 1355 contra
563 1295 718 1373 objiciens,
734 1299 814 1374 quod
831 1317 893 1359 non
910 1307 1025 1377 oporte·

93 1401 142 1462 bat
168 1401 255 1462 illum
277 1398 374 1477 loqui,
398 1418 466 1459 cum
487 1401 568 1460 solus
590 1403 689 1462 adhuc
710 1402 800 1464 homo
822 1403 975 1478 existeret,
998 1414 1027 1466 et

94 1507 173 1570 Deus
190 1508 294 1570 omnia
310 1507 375 1567 sine
392 1507 491 1567 verbis
509 1527 619 1568 aroana
636 1517 740 1569 nostra
757 1508 919 1582 discernat,
937 1509 1027 1571 etiam

95 1622 166 1675 ante
184 1634 277 1692 quam
296 1633 368 1687 nos;
391 1632 461 1673 curn
479 1613 530 1674 illa
551 1615 718 1674 reverentia
743 1613 883 1688 dicimus,
906 1635 966 1693 qua
986 1615 1028 1677 uti
1049 1628 1076 1672 15

95 1725 229 1794 oportet,
245 1737 315 1778 cum
342 1717 379 1776 de
408 1721 519 1778 aeterna
536 1719 693 1778 Voluntate
712 1719 821 1796 aliquid
842 1723 1026 1798 judicamus,

98 1824 181 1897 quod
198 1823 263 1884 licet
278 1823 358 1884 Deus
380 1822 482 1897 sciret,
508 1824 569 1886 ir'no
591 1826 743 1902 praesciret
768 1829 861 1903 (quod
882 1830 963 1889 idem
984 1839 1029 1891 est

99 1937 244 2004 quantum
260 1931 298 1990 ad
316 1927 440 2010 Deum),
457 1931 578 2008 absque
586 1929 735 1992 locutione
750 1937 930 2011 conceptum
943 1934 1030 2012 primi

41 2031 48 2050 ⁶
99 2036 276 2116 Loquentis,
293 2037 386 2099 voluit
403 2046 505 2099 tamen
523 2046 552 2100 et
568 2037 667 2118 ipsum
684 2040 777 2117 loqui,
796 2048 829 2102 ut
849 2039 879 2101 in
905 2042 1029 2121 expliea-

98 2143 177 2206 tione
193 2153 284 2206 tantae
301 2143 379 2205 dotis
397 2142 571 2220 gloriaretur
586 2144 665 2222 lpse,
684 2142 735 2220 qui
751 2143 841 2220 gratis
856 2145 1027 2207 dotaverat:
1049 2161 1078 2208 ro

99 2259 129 2312 et
155 2253 220 2314 ideo
240 2251 381 2313 divinitus
401 2251 432 2310 in
454 2250 540 2312 nobis
566 2271 636 2312 esse
657 2253 841 2314 credendum
867 2262 924 2327 est,
948 2256 1028 2332 quod

102 2363 168 2420 actu
191 2369 366 2421 nostrorum
397 2359 557 2419 affectuum
581 2358 717 2420 ordinato
737 2359 882 2420 laetamur.
903 2361 940 2422 Et
961 2361 1029 2422 hinc

100 2462 218 2540 -penitus
233 2464 338 2542 eligere
355 2483 518 2542 possumus
539 2466 637 2527 iocum
657 2468 754 2541 illum,
776 2469 827 2529 ubi
853 2471 966 2532 effutita
984 2479 1029 2532 est

99 2573 196 2650 prima
211 2572 335 2635 locutio:
354 2573 496 2649 quoniam
511 2572 535 2634 si
554 2583 640 2634 extra
656 2575 833 2637 Paradisum
849 2577 970 2636 afssatus
984 2586 1029 2638 est

101 2679 202 2756 homo,
220 2689 320 2753 extra;
342 2678 367 2739 si
390 2697 461 2739 vero
485 2677 577 2749 intra,
594 2677 671 2737 intra
694 2676 787 2737 fuisse
807 2679 907 2738 locum
927 2679 1031 2758 primae
1051 2688 1078 2733 ‘25

98 2787 255 2850 locutionis
272 2785 457 2865 conjicimus.
1085 2843 1109 2870 ‚

484 2978 580 3041 Curur
604 2979 651 3040 vl.

118 3157 168 3201 Sub
181 3168 229 3211 quo
243 3157 359 3201 idiomate
373 3157 480 3210 primum
493 3155 588 3199 locutus
603 3156 639 3198 est
653 3154 744 3206 Homo,
759 3155 783 3196 et
796 3153 860 3197 unde
874 3153 919 3197 tuit
932 3157 1015 3199 auctor

478 3227 551 3281 huJus
566 3227 652 3279 operis.

180 3425 330 3500 Quoniam
349 3423 505 3504 permultis
527 3441 562 3484 ao
583 3422 708 3484 diversis
729 3423 920 3484 idiomatibus
941 3441 1029 3498 nego·

98 3525 176 3589 tium
193 3523 572 3604 exercitatur‘humanum,
590 3529 631 3591 ita
647 3530 728 3607 quod
748 3529 834 3590 multi
849 3527 950 3589 multis
968 3531 1030 3587 non
