2590 4038
250 213 305 268 248
600 229 637 270 nn
655 227 835 271 nonuncium
851 275 856 285 ,

251 358 349 437 gilius,
370 376 424 437 per
440 361 534 418 totam
550 359 715 432 AEneictem,
738 355 900 433 gloriosum
919 375 1022 433 regem
1038 355 1180 432 AEneam,

251 474 370 546 patrem
390 466 518 528 Romani
538 467 639 545 populi
666 465 758 526 fuisse
785 470 924 539 testatur,
944 465 976 526 in
1000 465 1181 529 memoriam

250 572 484 650 sempiternam
506 571 587 648 quod
614 571 698 632 Titus
719 569 832 646 Livius,
854 576 1008 649 gestorum
1029 572 1180 636 nomano-

251 695 320 737 rum
339 676 439 738 scribe
465 676 614 755 egregius,
641 678 673 738 in
696 677 792 756 prima
819 684 905 757 parte
931 677 978 740 sui
1003 679 1179 754 voluminis,

204 788 232 834 25
251 797 318 857 quae
346 784 469 866 acepta
490 781 581 859 Troja
601 779 692 841 sumit
714 781 885 857 exordium,
907 789 1104 846 contestetur.
1123 785 1181 859 Qui

251 886 373 966 quidem
398 886 610 948 invictissimus
639 895 730 964 atque
756 887 906 966 piissimus
928 889 1029 962 Peter,
1057 898 1180 968 quante

250 993 411 1056 nobilitatis
425 992 468 1054 uir
482 991 583 1066 fuerit,
597 1013 659 1054 non
672 995 771 1054 solum
785 1013 840 1054 sua
854 994 1043 1056 considerata
1056 994 1178 1071 virtute,

251 1101 305 1162 sed
322 1108 352 1161 et
367 1099 591 1178 progenitorum
608 1087 748 1174 suorum,
771 1108 862 1179 atque
882 1121 1026 1176 uxorum,
1048 1123 1180 1181 quorum

249 1214 446 1284 utrorumque
471 1203 609 1266 nobilitas
633 1204 821 1266 haereditario
843 1205 914 1265 Jure
940 1204 971 1265 in
990 1207 1091 1284 ipsum
1111 1225 1180 1269 con·

202 1323 230 1368 ³0
249 1313 346 1388 fluxit,
365 1313 512 1391 explicare
534 1311 704 1390 nequirem:
723 1312 777 1374 sed
794 1329 914 1372 summa
930 1331 1040 1390 sequar
1055 1313 1180 1391 vestigia

249 1438 361 1481 rerum.

329 1527 483 1602 Quantum
503 1545 574 1604 ergo
595 1526 634 1586 ed
654 1523 806 1604 propriam
827 1525 893 1602 ejus
909 1522 1114 1600 nobilitatem,
1130 1544 1181 1586 au·

249 1629 375 1692 diendus
401 1637 448 1692 est
464 1631 550 1692 Poeta
574 1633 692 1704 noster,
719 1627 912 1689 introducens
931 1628 963 1689 in
983 1631 1086 1708 prium
1117 1629 1180 1693 llio·

249 1755 341 1798 neum
356 1742 494 1798 orantem
510 1737 566 1798 sic:

200 1907 226 1952 35
369 1895 429 1949 Rex
445 1899 505 1949 eret
518 1893 621 1948 AEneas
633 1891 728 1963 nobis,
746 1909 802 1964 quo
814 1892 916 1964 justior
930 1893 1001 1948 alter

371 1983 428 2038 Nec
442 1985 543 2056 pietate
558 1983 624 2052 suit,
638 1999 690 2037 nec
704 1981 778 2036 bello
794 1983 884 2055 major
899 1988 927 2038 et
940 1983 1036 2038 armis.

308 2138 482 2202 Audiendus
504 2144 551 2199 est
570 2137 650 2198 idem
669 2138 700 2198 in
719 2146 813 2215 sexto,
829 2137 880 2221 qui
901 2159 995 2217 quum
1009 2141 1047 2201 de
1064 2139 1177 2202 Miseno

248 2252 367 2306 mortuo
378 2244 561 2321 loqueretur,
573 2243 623 2320 qui
637 2243 735 2304 fuerat
746 2243 884 2304 Hectoris
895 2242 1030 2306 minister
1044 2245 1075 2306 in
1085 2245 1177 2318 bello,

247 2358 360 2430 etpost
376 2355 505 2412 mortem
521 2350 672 2425 Hectoris,
683 2351 784 2412 AEneae
800 2349 971 2412 ministrum
989 2371 1023 2412 se
1040 2353 1176 2426 dederat,

202 2472 233 2518 40
252 2457 321 2520 dicit
339 2457 438 2537 ipsum
452 2457 600 2518 Misenum
617 2478 632 2509 ‹
647 2476 705 2516 non
722 2459 868 2533 inferiora
882 2465 1047 2537 sequutum.-
1066 2480 1081 2512 »
1099 2479 1176 2521 com·

247 2565 435 2647 parationem
448 2560 561 2624 faciem
582 2561 620 2621 de
636 2560 730 2622 AEnea
750 2562 789 2621 ad
809 2561 984 2634 Hectorem,
1003 2579 1095 2640 quem
1115 2581 1175 2641 prae

247 2672 387 2736 omnibus
403 2670 554 2731 Homerus
570 2665 728 2744 glorificat,
742 2673 775 2728 ut
789 2667 881 2727 refert
890 2668 1083 2746 Philonplms
1096 2668 1175 2730 iniis
1279 2661 1280 2675 ³

247 2799 314 2858 quae
331 2779 370 2839 de
386 2775 518 2838 moribus
534 2773 675 2852 fugienda
691 2771 730 2832 ad
747 2770 972 2835 Nicomachum.

325 2885 478 2960 Quantum
494 2901 566 2944 vero
579 2882 618 2942 ad
634 2877 866 2954 haereditariam,
881 2880 1021 2957 quaelibet
1036 2900 1108 2958 pers
1124 2879 1175 2940 tri·

198 3012 228 3058 45
247 2993 348 3072 pertiti
357 2993 437 3056 orbis
451 2986 514 3054 tem
525 2989 595 3050 Avis
610 3007 701 3066 quem
712 2987 893 3066 conjugibus
906 2987 991 3050 illum
1000 2989 1173 3050 nobilitasse
1277 3015 1278 3048 t

188 3115 194 3128 ·
245 3098 400 3159 invenitur.
413 3095 493 3157 Nem
505 3092 578 3155 Asia
590 3091 851 3172 propinquioribus
865 3093 950 3172 Avis,
965 3101 995 3157 et
1009 3095 1172 3171 Assaraco,

246 3209 277 3264 et
291 3203 356 3264 eliis
373 3203 423 3280 qui
437 3201 467 3264 in
481 3201 608 3279 Phrygia
622 3206 834 3280 regnaverunt,
849 3202 927 3266 Asioe
941 3204 1077 3284 regione:
1092 3207 1172 3268 unde

244 3313 332 3374 Poeta
347 3319 450 3374 noster
466 3310 497 3372 in
513 3314 610 3374 urtice

366 3465 517 3537 Postquam
532 3483 577 3523 res
591 3467 679 3539 Asiae,
695 3467 853 3542 Priamique
869 3476 993 3547 evertere
1005 3477 1119 3544 gentem

194 3568 223 3613 to
364 3555 536 3612 immeritam
550 3555 641 3612 virum
656 3557 782 3630 Superis.
