2590 4038
523 197 609 238 urere
629 198 747 242 neruus.
1047 187 1104 244 229

162 327 246 403 quod
257 329 304 386 est
314 317 512 404 impossibile,
528 345 599 386 oum
612 326 693 385 Deus
707 333 736 386 et
749 325 863 385 Nature
875 323 905 385 in
919 325 1098 388 necessariis

161 453 226 495 non
240 432 368 494 deficiat.
388 415 468 492 Inter
485 441 587 494 autem
601 434 676 493 duos
693 431 858 511 Principes,
877 453 1006 510 quorum
1022 434 1098 496 alter

160 537 249 600 elteri
274 536 401 598 minime
424 539 576 616 subjectus
599 542 660 610 est,
680 541 779 614 potest
803 557 870 598 esse
889 536 1027 614 litigium,
1048 540 1129 599 velt

160 647 252 723 eulpa
265 646 417 724 ipsorum,
431 647 478 707 vel
492 647 582 707 etiam
595 646 796 707 subditorum:
811 647 891 722 quod
906 647 943 706 de
957 667 990 706 se
1004 652 1095 724 petet.

160 751 241 829 Ergo
257 751 335 812 inter
357 753 433 813 teies
451 757 568 831 oportet
585 772 653 814 esse
668 751 807 831 judicem.
829 753 866 812 Et
883 772 952 814 cum
966 755 1041 815 aller
1056 755 1095 817 de

160 859 259 918 altero
276 877 455 935 cognoscere
472 879 532 920 non
553 859 662 938 possit,
683 879 721 920 ex
747 877 806 936 quo
827 859 903 919 aiter
925 859 1010 920 alteri
1032 879 1094 921 non

159 963 300 1024 subditur
322 967 407 1042 (nem
433 985 488 1043 par
513 965 543 1026 in
569 985 674 1044 parem
700 965 877 1027 nonhabet
902 965 1089 1044 imperium):

158 1075 279 1147 oportet
294 1089 362 1130 esse
376 1070 496 1130 tertium
509 1069 721 1148 jurisdictionis
735 1069 899 1147 amphoris,
914 1069 963 1146 qui
977 1069 1092 1131 ambitu
1110 1077 1141 1124 1⁰

157 1175 206 1236 sui
217 1175 293 1253 juris
304 1175 452 1235 ambobus
467 1153 657 1251 principetur.
672 1173 709 1232 Et
722 1171 770 1233 hie
784 1177 836 1233 aut
849 1173 905 1232 erit
915 1174 1091 1249 Monareha,

157 1289 299 1343 autnon.
321 1281 353 1342 Si
374 1260 585 1354 sieshabetur
604 1281 803 1358 propositum3
828 1278 853 1339 si
878 1297 957 1352 non,
972 1280 1091 1358 ilerum

156 1387 282 1449 hebebit
298 1387 354 1448 sibi
370 1388 555 1463 coaequelem
573 1394 658 1448 extra
674 1385 821 1446 ambitum
838 1403 900 1445 suae
915 1385 1091 1463 jurisdictio·

153 1486 221 1556 nis:
242 1502 315 1556 tunc
335 1493 445 1554 iterum
465 1494 655 1553 necessarius
673 1489 732 1552 ,erit
752 1487 858 1550 tertius
880 1487 964 1548 alius,
987 1488 1024 1549 Et
1044 1486 1089 1548 sio

154 1607 208 1663 aut
225 1602 281 1662 erit
301 1618 460 1678 processus
476 1599 506 1658 iu
523 1599 684 1670 infinitum,
702 1597 782 1673 quod
800 1599 949 1656 essenon
970 1598 1087 1672 potest;
1106 1609 1134 1654 to

151 1713 207 1768 aut
231 1704 383 1785 oportebit
407 1703 546 1765 devenire
574 1705 613 1764 ad
634 1701 770 1763 Iudicem
794 1699 925 1778 primum
951 1706 981 1760 et
1007 1716 1087 1762 sum·

151 1829 253 1886 mum,
271 1811 309 1870 de
332 1811 419 1887 eujus
441 1810 551 1889 judicio
575 1815 683 1868 cuneta
705 1805 797 1883 litigia
815 1804 1004 1876 dirimantur,
1023 1801 1085 1864 sire

151 1916 284 1977 mediate
300 1915 364 1976 sive
378 1916 565 1993 immediete3
585 1920 614 1974 et
631 1911 679 1972 hie
689 1894 745 1972 erit
758 1911 936 1987 Monarclro,
950 1908 1013 1969 sive
1029 1908 1084 1968 Ine

143 2031 277 2100 perator.
304 2023 359 2084 Est
383 2024 471 2100 igitur
498 2023 673 2083 Monarchia
698 2018 870 2081 necessarie
896 2018 1019 2078 munde.
1046 2016 1085 2079 ut

147 2133 230 2193 hano
250 2129 399 2192 rationem
414 2130 534 2190 videbat
555 2129 762 2205 Philosophus,
782 2145 852 2188 eum
870 2125 1001 2200 dicebat:
1021 2123 1080 2183 En·
1100 2133 1131 2181 20

148 2237 196 2294 tta
210 2236 312 2294 nolunt
330 2233 406 2294 mole
421 2234 538 2311 disponi
544 2254 556 2306 ,·
573 2235 681 2293 mdum
697 2241 804 2306 eutem,
817 2233 979 2310 pluralitas
994 2233 1082 2293 Prte-

142 2350 267 2420 potum:
280 2361 357 2402 unus
370 2359 436 2419 erqo
452 2339 600 2416 Princeps.

515 2599 613 2660 Curru
633 2598 707 2660 XIII.

316 2782 444 2835 Mundum,
460 2790 516 2824 oum
531 2780 629 2822 Justttta
642 2779 666 2820 in
681 2788 709 2821 eo
724 2776 756 2820 sit
770 2777 909 2832 potissime,

453 2859 543 2914 optime
556 2857 700 2910 dispositum
713 2866 776 2900 esse.

226 3068 389 3141 Praeteree,
408 3066 536 3126 Mundus
558 3065 671 3144 optime
691 3062 854 3142 dispositus
876 3067 922 3124 est
942 3083 1012 3126 oum
1028 3069 1076 3130 Ju-

144 3173 226 3235 stilia
248 3173 279 3233 in
301 3193 337 3235 eo
357 3163 513 3252 potissime
530 3177 591 3246 est;
609 3173 689 3232 unde
706 3168 842 3248 Virgilius
861 3176 1074 3240 commendare

144 3283 249 3345 rolens
265 3283 338 3344 illud
355 3283 519 3359 Saeoulum,
535 3285 614 3362 quod
632 3303 686 3346 suo
704 3290 840 3364 tempore
857 3308 980 3368 surgere
996 3294 1074 3359 vide·

144 3387 248 3462 betur,
267 3387 298 3450 in
319 3389 382 3451 suis
398 3392 541 3452 Bueolt‘ets
562 3394 721 3456 cantabat:
738 3397 809 3456 Jam
824 3399 901 3458 redit
921 3406 947 3458 et
973 3399 1094 3480 Virqo,'

142 3497 263 3558 redeunt
280 3498 425 3561 Saturnio
441 3521 537 3580 repleo.
558 3504 647 3581 Vtrpo
662 3522 793 3582 namque
807 3507 970 3568 vocabatur
981 3507 1072 3568 Justt·
1092 3520 1106 3566 5
