2576 4052
161 256 217 314 420
521 271 558 312 ns
576 269 756 312 nomenis.

234 380 278 437 25.
297 381 511 438 Potestatem....
527 383 694 460 baptisandi
705 385 785 440 nulio
799 384 883 438 modo
895 383 972 438 Dens
988 382 1120 437 commit·

162 477 222 524 tene
231 476 341 540 posset,
353 471 417 526 lieet
428 472 558 543 Magister
567 473 799 544 (Sententiarum)
808 472 990 526 eontrarium
1000 470 1123 525 dicerit.

164 559 257 615 PIetro
268 560 439 632 Lomhardo,
451 562 500 617 che
511 578 562 616 eon
573 563 602 616 io
609 563 755 634 povereila
767 561 870 634 Offerse
880 579 898 616 o
908 562 1003 617 Senta
1014 561 1121 616 coteso

165 650 188 702 il
200 666 251 705 suo
264 651 393 720 Tssono,
408 652 437 706 in
449 657 548 723 questo
560 651 652 706 Lisso
669 665 760 706 escis
773 652 922 706 Ssnssszs
934 650 1054 706 sostiene
1067 650 1121 704 che

163 739 217 795 Dio
235 757 317 812 possa
336 747 500 798 commetter
518 742 544 795 al
564 739 702 796 Pontefice
719 757 787 798 anco
811 742 838 796 la
856 746 976 812 potenza
995 740 1042 794 del
1061 740 1124 793 bot·

165 835 288 898 temone,
302 830 329 884 di
341 831 487 886 rimettere
502 829 560 885 eicis
577 829 708 900 ipecooti
722 830 768 884 nel
784 830 948 897 Battesimo,
964 845 1011 882 ma
1026 828 1077 882 che
1092 827 1121 880 la

166 919 238 974 volle
249 919 363 973 tuttavia
377 918 510 974 riserbata
520 936 536 974 a
547 919 578 973 se
589 925 688 974 stesso.
704 919 816 974 Edesco
827 920 852 973 le
863 919 959 990 parole
969 918 995 972 di
1006 917 1061 984 lui,
1076 915 1123 986 gis

165 1007 300 1078 riportstc
315 1007 360 1063 dal
375 1008 460 1064 Wittc
473 1009 526 1064 ben
542 1013 807 1081 opportunamente:
833 1007 1057 1063 «Ministerinm
1072 1007 1123 1060 ba·

162 1099 299 1167 ptinendi
311 1098 389 1153 dedit
405 1099 536 1154 Christus
549 1098 651 1166 servis,
668 1099 718 1153 sed
731 1102 900 1168 potestatem
912 1096 968 1152 sibi
982 1096 1126 1164 retinuit,

167 1204 270 1258 quom,
287 1187 314 1240 si
325 1188 420 1255 vellet,
431 1193 548 1258 poterat
561 1188 651 1242 servis
664 1189 773 1243 dare...
788 1188 837 1242 sed
850 1187 957 1252 notnit,
972 1204 1009 1240 ne
1023 1202 1126 1242 serens

167 1276 199 1329 in
211 1292 290 1330 servo
303 1292 383 1345 spem
394 1283 555 1346 poneret...
570 1277 720 1341 anenitnr
732 1295 797 1349 qnoe
811 1278 848 1332 sit
863 1277 917 1331 illo
928 1281 1055 1348 potestas
1067 1275 1127 1330 Ba-

163 1363 284 1435 ptismi,
303 1381 392 1435 qnam
413 1365 544 1420 Christus
562 1366 616 1419 sibi
634 1367 756 1422 retinnit
775 1373 803 1421 et
818 1367 916 1438 potnit
933 1366 1005 1420 dore
1022 1365 1125 1419 seroie.

167 1455 239 1508 Isoec
251 1458 306 1520 est,
322 1459 354 1508 nt
365 1454 492 1526 plurimi
506 1456 618 1523 volunt,
631 1461 759 1526 potestas
774 1455 939 1510 dimittendi
955 1460 1075 1524 peccota
1093 1455 1126 1508 in

167 1543 336 1614 Baptismo;
348 1544 396 1598 sed
408 1549 535 1618 potestas
548 1545 712 1601 dimittendi
721 1552 853 1616 peccota,
870 1562 934 1617 quoe
948 1545 979 1598 in
992 1546 1053 1599 Deo
1067 1549 1122 1612 est,

168 1633 247 1689 Dens
259 1639 308 1690 est.
321 1633 388 1688 lcteo
402 1635 457 1689 otii
468 1635 566 1690 dieunt
578 1636 653 1691 hono
663 1632 832 1706 potestaiem
844 1650 903 1688 non
914 1633 1042 1705 potuisse
1053 1632 1126 1686 dare

169 1723 259 1778 alieni
269 1738 433 1791 servornm,
446 1723 516 1796 qnia
528 1725 603 1779 nnlti
613 1725 708 1796 potnit
722 1725 792 1780 dare
806 1725 881 1796 qnod
893 1723 957 1795 Ipse
969 1729 1023 1790 est,
1036 1723 1081 1777 oet
1094 1726 1128 1777 nt

169 1811 288 1866 haberet
306 1813 457 1868 essentiam
476 1830 565 1884 quom
583 1812 649 1885 Ipse
669 1814 767 1879 habet,
791 1811 837 1866 oni
855 1811 908 1866 hoc
925 1816 965 1865 est
978 1811 1055 1865 idem
1069 1827 1133 1864 esse·

170 1902 247 1972 qnod
258 1919 351 1973 posse.
366 1903 412 1957 Ad
427 1905 504 1975 qnod
519 1904 577 1957 diei
590 1909 682 1976 potest
696 1905 765 1975 qnia
776 1903 871 1973 potnit
885 1901 925 1956 eis
941 1902 1012 1955 dore
1028 1905 1130 1970 poten·

170 1990 245 2044 tiam
255 1991 421 2045 dimittendi
426 1998 544 2062 peceato
549 2033 558 2062 ,
568 2011 625 2047 non
637 2000 732 2048 tomen
746 1993 840 2065 ipsam
851 1992 985 2058 eandem,
994 2007 1053 2061 qno
1064 1988 1129 2060 Ipse

167 2085 271 2150 potens
287 2084 337 2144 est,
349 2079 397 2134 sed
406 2079 566 2148 potentiam
582 2086 723 2150 creatam,
741 2098 799 2153 qna
811 2097 906 2135 serens
919 2088 1014 2149 posset
1030 2078 1132 2132 dimit·

173 2173 231 2220 tere
239 2171 373 2236 peceato,
383 2182 440 2220 non
454 2171 550 2221 tamen
564 2173 595 2223 nt
607 2174 708 2222 auctor
721 2169 913 2236 remissionis,
928 2169 978 2222 sed
994 2172 1026 2222 nt
1041 2167 1131 2222 mini-

172 2260 243 2319 ster,
257 2271 306 2308 nec
317 2261 412 2310 tannen
421 2255 482 2310 sine
493 2256 551 2311 Deo
564 2262 693 2325 anctore,
704 2263 735 2312 nt
745 2258 818 2313 sient
828 2257 859 2311 in
869 2256 1033 2310 ministerio
1043 2256 1130 2310 habet

172 2344 297 2398 exterius
314 2344 511 2416 sanctificare,
525 2347 568 2400 ito
586 2346 708 2400 interius
722 2347 877 2401 mundaret
893 2345 952 2399 Deo
968 2351 1127 2400 anctore...

173 2431 221 2487 Ito
234 2449 299 2502 enyo
312 2434 408 2505 potnit
423 2434 495 2488 dare
507 2450 586 2489 servo
599 2440 767 2506 potestatem
780 2435 945 2489 dimittendi
961 2440 1082 2504 peccata
1096 2434 1131 2488 in

172 2521 364 2593 Baptismoss
382 2523 457 2578 MAG.
474 2523 708 2591 SENTENTIAM,
725 2523 786 2577 Lib.
804 2537 848 2591 lv,
864 2523 928 2577 dist.
945 2523 976 2589 5,
992 2523 1006 2593 ᾗ
1021 2522 1039 2575 2
1053 2539 1069 2576 e
1081 2523 1110 2578 3.

247 2609 292 2666 28.
314 2611 459 2676 Quantum
471 2613 503 2666 in
517 2614 585 2680 hoe,
598 2613 674 2684 qnod
691 2611 823 2667 Viearins
836 2617 885 2666 est.
900 2612 924 2666 11
937 2612 1023 2667 Wittc
1036 2613 1072 2666 ha
1086 2627 1132 2668 so·

174 2706 293 2774 spettato
308 2701 359 2758 che
374 2702 491 2756 dovesse
506 2702 624 2772 leggersi
644 2719 656 2754 c
671 2701 708 2756 In
726 2707 868 2773 qnantum
882 2701 946 2769 noc,
962 2707 1028 2768 ete,
1043 2720 1057 2755 o
1078 2701 1131 2756 che

174 2800 251 2846 certo
266 2792 280 2845 ὲ
295 2791 322 2844 la
335 2807 399 2845 vera
414 2791 528 2846 lenione.
543 2791 616 2845 Edit
629 2790 892 2845 Cod.Ambrosiano
905 2791 1051 2845 scrivendo
1069 2791 1131 2846 «In

176 2879 363 2952 quantumin
380 2879 446 2950 hoe,
462 2886 523 2948 etc,
539 2898 552 2933 s
570 2895 605 2934 ne
621 2895 704 2951 porge
720 2879 858 2935 bastevole
874 2879 975 2934 indicio
990 2880 1035 2934 del
1050 2896 1132 2934 come

175 2970 214 3041 gli
226 2969 388 3050 amanuensi
401 2973 543 3040 potessero
558 2985 624 3023 avec
638 2974 774 3040 trssposte
790 2968 881 3041 quelle
896 2969 1006 3023 testuali
1022 2969 1131 3041 parole.

434 3148 577 3204 (limoso
596 3149 670 3205 VIII.
683 3151 791 3220 —Pag.
809 3148 872 3204 289.

249 3329 310 3384 Ltn.
326 3329 351 3387 5.
371 3329 524 3401 Accipiunt
539 3329 574 3382 de
586 3327 677 3384 Litora
689 3327 821 3384 Matthaei
831 3326 968 3383 similiter
984 3331 1010 3382 et
1025 3325 1131 3381 iohan-

175 3415 232 3469 nis.
247 3415 299 3480 Qui
316 3435 329 3468 o
343 3417 506 3470 similiter»
527 3421 607 3470 torna
622 3416 778 3488 superssu0;
796 3433 811 3470 c
827 3417 894 3488 pero
909 3416 1018 3486 accoigo
1034 3432 1085 3488 per
1102 3415 1131 3470 la

178 3502 289 3568 migIIor
306 3504 410 3557 lezione
429 3505 456 3558 la
474 3505 604 3573 volgata,
624 3505 728 3558 chene
747 3521 858 3573 manca,
880 3505 997 3559 siccome
1021 3521 1076 3575 pur
1093 3519 1132 3560 ns

176 3602 313 3642 mancino
328 3589 348 3642 il
364 3589 429 3645 God.
445 3589 586 3647 FeIIniano
601 3609 616 3648 e
631 3592 650 3646 il
666 3591 918 3664 VolgarIzzamento
932 3592 976 3648 del
990 3591 1097 3648 FicIno.
