2576 4052
193 255 247 310 oto
560 267 598 308 ne
618 268 797 310 nauseans.

194 397 263 436 aneo
278 395 427 451 assegnare
443 380 497 435 alla
510 377 608 434 Chiesa
623 379 651 434 in
671 397 721 435 suo
738 379 905 451 patrocinio
924 397 964 436 un
982 381 1157 454 patrimonio

194 471 229 526 ed
247 471 317 525 altro
336 471 364 540 (a
378 468 592 542 patrimonium
608 474 634 522 et
649 469 709 524 alia
725 470 878 538 deputare:
895 487 908 523 n
926 470 976 524 lin.
994 471 1052 540 911,
1068 488 1084 526 e
1098 473 1154 526 che

194 561 291 633 quindi
306 560 325 613 il
341 560 478 613 Pontesrce
494 561 592 629 potera
607 558 754 611 aceettarlo
771 575 821 629 per
838 558 1021 630 dispensarne
1035 559 1044 614 i
1061 561 1154 632 [rutti

194 650 222 705 in
239 650 355 718 servigio
371 649 444 703 della
461 648 564 702 Chieso
579 663 593 700 e
611 647 655 701 dei
666 650 768 717 pooeri
783 649 814 702 di
830 649 895 704 Dio.

265 740 327 796 101.
340 741 462 794 Michael
473 738 635 808 imperabat
647 739 726 810 apud
735 739 1024 809 Constantinopolim.
1034 738 1156 804 Quando

194 828 213 882 il
227 829 310 884 dente
323 827 510 900 Lonqobardo
527 843 621 881 morse
634 827 665 881 lo
679 831 765 881 santa
781 827 899 896 Chieso,
917 828 997 882 Carlo
1010 827 1154 896 Magneta

192 933 334 985 soooorse,
347 917 453 971 avendo
466 915 639 970 lelieemente
654 914 793 986 compluta
805 915 973 985 timorosa,
987 915 1041 970 alla
1052 915 1154 986 quale,

193 1023 244 1077 per
261 1006 364 1059 istanza
381 1006 407 1059 di
421 1021 491 1075 papa
505 1003 626 1059 Adriano
639 1003 666 1072 1,
681 1004 703 1057 s’
714 1019 761 1057 era
777 1003 881 1058 accinio
894 1009 991 1058 contro
1006 1003 1156 1058 Desiderio

193 1112 223 1149 re
244 1094 284 1148 de·
298 1093 487 1164 Langobardi:
508 1093 587 1161 Par„
602 1107 647 1160 vr,
664 1091 707 1146 95.
729 1091 763 1146 Se
782 1108 838 1146 non
854 1092 904 1146 che
923 1108 940 1145 a
958 1091 1025 1162 quel
1041 1097 1151 1162 tempo,

194 1201 272 1239 corne
291 1185 363 1238 bene
379 1188 488 1237 arverto
507 1183 526 1236 il
542 1180 697 1236 dottissimo
713 1180 812 1249 Witte‚
831 1197 887 1236 non
908 1197 956 1234 era
971 1181 1016 1250 gii
1030 1181 1153 1236 Michele

193 1273 325 1341 Rangabe
340 1274 390 1326 ohe
410 1277 514 1328 tenesse
534 1271 674 1340 l'Impero
694 1270 722 1324 in
743 1270 974 1343 Costantinopoli,
996 1289 1043 1328 ma
1063 1275 1087 1326 si
1102 1271 1155 1325 Co·

118 1385 120 1389 v
191 1360 318 1416 stantino
340 1359 529 1429 Capuanum,
550 1359 655 1413 famoso
674 1375 726 1428 per
744 1359 771 1413 la
789 1375 840 1413 sua
859 1361 979 1430 empieta
998 1362 1034 1416 ed
1054 1361 1155 1418 effera-

192 1454 274 1504 tezza.
295 1450 381 1514 Quale
404 1448 479 1503 varia
503 1447 738 1519 signifieazionee
762 1449 875 1503 vicenda
900 1449 981 1504 abbia
1006 1451 1105 1505 sortito
1124 1449 1153 1504 la

162 1545 166 1552 '
191 1541 382 1608 Marrucine,
400 1555 415 1593 e
430 1555 508 1594 come
524 1537 547 1592 si
563 1537 764 1592 determinasse
783 1551 813 1590 rn
833 1538 945 1608 Insere,
965 1541 1023 1610 pud
1043 1539 1154 1594 vedersi

192 1629 221 1683 in
241 1645 277 1683 un
298 1627 512 1682 ritevantissirno
533 1626 567 1681 ed
590 1627 739 1697 eloquente
759 1627 888 1682 Discorso
911 1629 979 1696 che,
1005 1629 1034 1682 in
1061 1629 1153 1684 torma

193 1718 220 1772 d‘
231 1718 449 1772 tnrnonnzronn
467 1729 603 1783 sranius,
617 1715 637 1769 il
653 1715 746 1785 signer
762 1716 912 1770 Dornenieo
924 1716 1048 1786 Carutti,
1065 1717 1088 1771 si
1104 1717 1153 1771 de-

192 1822 247 1877 gno
268 1807 452 1861 eoncittadino
475 1807 503 1860 di
524 1806 604 1860 Carlo
626 1807 722 1873 Botta‚
744 1804 866 1875 promise
889 1805 941 1858 alia
963 1821 1015 1859 sua
1041 1805 1151 1859 Sronrn

192 1909 283 1950 onena
297 1895 476 1948 Drrnonszn
495 1907 586 1947 onies
605 1894 700 1948 Gonrn
718 1907 746 1947 nr
764 1893 872 1948 sivan
890 1894 940 1949 alal
959 1893 1040 1950 1494
1058 1895 1105 1950 sin
1121 1895 1153 1950 ai

192 1983 286 2039 nostri
298 1984 404 2054 9iorni.
421 1984 537 2052 Torino‚
556 1982 635 2037 1815,

465 2177 611 2234 Cermoro
628 2176 797 2248 XL—Pag.
814 2178 877 2234 298.

262 2338 322 2394 Lin.
352 2339 379 2395 1.
407 2338 533 2396 Sumunt
557 2339 662 2395 etenim
685 2339 740 2394 sili
763 2338 947 2410 principium
974 2339 1012 2394 de
1039 2340 1149 2395 deoimo

190 2427 293 2482 Primae
312 2428 512 2502 Philosophiae,
536 2429 673 2498 dieentes,
696 2435 748 2485 ete.
771 2429 810 2484 La
835 2429 983 2484 Metafisica
1005 2445 1053 2484 era
1075 2431 1149 2486 detta

190 2520 313 2574 eziandio
324 2521 351 2575 la
361 2521 466 2575 Prima
478 2520 614 2591 Filosofia
627 2520 735 2591 (Cone,
749 2535 770 2588 1,
783 2519 826 2592 1),
838 2536 915 2574 corne
926 2519 1019 2591 quella
1030 2521 1082 2575 che
1095 2525 1149 2576 sta·

189 2608 285 2664 bilisce
300 2611 308 2663 i
324 2610 458 2680 Principj
470 2609 628 2664 uniuersali
643 2609 671 2662 di
686 2614 755 2663 tutte
771 2609 797 2662 le
813 2609 934 2664 Scienze.
950 2609 1003 2664 Nel
1016 2627 1098 2682 passo
1112 2610 1149 2665 al·

190 2697 294 2768 legato,
309 2699 451 2754 Aristotite
465 2699 596 2754 asserisce
612 2699 687 2754 eche
701 2700 718 2753 l'
728 2698 787 2754 Uno
800 2700 815 2752 e
828 2699 941 2754 misura
954 2698 1051 2769 d'ogni
1066 2715 1147 2768 cosa,

190 2790 293 2860 perche
308 2789 367 2842 indi
381 2792 553 2844 conoseiamo
569 2788 597 2841 di
612 2789 662 2843 che
678 2787 769 2842 risulti
784 2803 840 2842 una
860 2793 1002 2856 sosianza‚
1019 2787 1147 2843 diuiden-

191 2877 259 2931 dola
276 2877 394 2930 secondo
417 2878 446 2930 la
467 2875 601 2946 quantitd
621 2877 673 2930 e'ne
693 2876 771 2930 viena
794 2875 859 2929 dall’
870 2892 926 2930 uno
946 2891 1023 2929 corne
1043 2876 1079 2930 da
1096 2893 1149 2931 suo

191 2965 341 3038 principio,
353 2982 368 3020 0
379 2966 496 3019 secondo
509 2966 535 3020 ta
550 2965 641 3035 specie
657 2981 671 3020 e
687 2965 713 3019 la
725 2967 836 3034 forma,
850 2965 878 3018 di
891 2966 935 3019 cui
947 2981 1002 3019 una
1014 2969 1149 3019 sostanza

190 3056 331 3127 pervarie
346 3056 494 3110 differenze
508 3058 563 3128 pud
579 3055 704 3110 rendersi
718 3071 852 3126 capace.»
871 3053 1116 3108 Coniormemente
1131 3069 1147 3109 a

191 3145 233 3198 oid
251 3145 270 3198 il
285 3150 381 3200 nostro
402 3146 508 3200 Antore
523 3145 568 3214 gii
582 3158 664 3199 avena
680 3149 840 3198 accennato:
866 3160 879 3196 a
895 3142 931 3197 In
950 3143 1032 3196 omni
1045 3157 1148 3211 penore

191 3249 293 3288 rerum
307 3233 401 3289 Unum
417 3240 527 3304 oportet
543 3251 613 3300 esse,
629 3249 684 3304 quo
699 3233 810 3304 poneris
825 3231 906 3287 illius
920 3232 1019 3286 omnia
1031 3247 1147 3302 compa·

191 3330 299 3378 rentur
314 3330 341 3378 et
355 3325 572 3394 ponderantur,
585 3329 617 3379 ut
635 3323 717 3378 illine
735 3323 861 3379 oliorum
881 3321 1011 3376 omnium
1030 3339 1146 3378 mensu·

190 3429 258 3466 ram
275 3415 495 3482 accipiamus...
512 3415 551 3467 Et
565 3413 809 3484 quemadmodum
823 3413 857 3466 de
874 3413 911 3466 iis
926 3412 1063 3478 dicimus,
1080 3427 1146 3483 quae

191 3502 383 3570 quantitatem
396 3509 421 3556 et
436 3504 607 3572 qualitatem
622 3505 787 3572 ostendunt,
803 3504 837 3557 de
847 3503 1145 3574 praedicamentorum

192 3587 315 3656 quolibet
330 3594 355 3644 et
370 3589 405 3643 de
419 3592 579 3646 substantio
589 3609 675 3662 posse
690 3591 750 3648 diei
764 3597 920 3664 putamus,
939 3591 1045 3647 seilicet
1067 3591 1144 3663 quod
