2590 4038
310 155 364 210 220
659 169 696 210 on
715 169 893 212 donincum.

313 304 344 360 et
362 299 455 372 illius,
478 303 508 360 et
527 319 589 361 non
613 319 709 360 unrun
729 301 863 362 omnium
879 301 996 375 Finem,
1018 302 1160 378 arbitrari
1176 305 1246 364 stul-

313 411 378 468 tum
394 413 449 468 est.

696 565 793 626 (larua
814 566 860 626 IV.

508 747 569 799 Quld
584 747 615 790 sit
629 748 695 790 Finis
709 749 783 790 totius
796 746 910 788 humanae
925 743 1060 789 Civilitatis.

394 937 481 996 Nunc
507 943 610 997 autem
633 935 796 996 videndum
822 941 868 995 est
895 932 966 1012 quid
988 931 1026 993 sit
1052 931 1135 992 Finis
1158 933 1245 993 totius

315 1043 454 1104 humanae
466 1040 631 1102 Civilitatis:
643 1061 701 1118 quo
713 1042 788 1114 riso,
799 1041 959 1118 plusquam
969 1038 1126 1099 dimidium
1135 1040 1246 1101 laboris

316 1151 372 1212 erit
385 1156 586 1223 transactum,
597 1153 682 1229 juxta
695 1153 899 1228 Philosophum
912 1151 950 1210 ad
965 1149 1192 1210 Nicomachum.
1210 1148 1247 1208 Et

315 1260 354 1319 ad
371 1258 550 1325 evidentiam
563 1259 628 1337 ejus
646 1260 726 1335 quod
745 1259 898 1336 quaeritur,
916 1257 1151 1330 advertendum,
1168 1257 1246 1334 quod

281 1374 295 1419 c
316 1361 573 1439 quemadmodum
594 1366 640 1421 est
656 1359 736 1421 Finis
755 1361 860 1439 aliquis
881 1363 920 1421 ad
940 1381 1032 1439 quem
1051 1367 1163 1422 natura
1183 1381 1246 1441 pro-

316 1466 395 1528 ducit
411 1465 562 1545 pollicem,
581 1472 610 1527 et
626 1464 701 1525 alius
717 1465 755 1525 ab
769 1465 826 1525 hoc
840 1465 878 1524 ad
892 1483 984 1542 quem
997 1483 1124 1524 manum
1138 1469 1246 1538 totam,

315 1581 345 1636 et
361 1592 466 1634 rursus
484 1573 559 1633 alius
573 1573 612 1633 ab
626 1577 753 1649 utroque
767 1572 805 1631 ad
820 1591 911 1648 quem
923 1569 1095 1645 brachium,
1110 1569 1246 1648 aliusque

316 1683 355 1742 ab
376 1681 517 1741 omnibus
543 1681 581 1740 ad
603 1698 694 1758 quem
720 1685 818 1739 totum
845 1677 1015 1739 hominem:
1040 1677 1082 1740 sic
1103 1677 1181 1738 alius
1203 1684 1247 1738 cst

317 1784 398 1846 Finis
422 1785 460 1844 ad
487 1803 577 1862 quem
594 1783 777 1862 singularem
796 1785 968 1859 hominem,
990 1786 1065 1847 alius
1090 1787 1129 1847 ad
1158 1803 1247 1863 quem

267 1901 296 1948 lo
315 1890 465 1964 viciniam,
487 1889 563 1951 alitis
584 1892 623 1951 ad
643 1910 734 1968 quem
756 1890 918 1966 civilatem,
940 1901 971 1954 et
991 1892 1066 1954 alius
1092 1895 1133 1954 ad
1156 1912 1246 1970 quem

316 2017 457 2075 regnum;
482 2001 512 2056 et
536 1995 664 2072 denique
690 1996 826 2071 ultimus,
854 1998 893 2058 ad
919 2009 1011 2076 quem'
1038 1997 1246 2059 universaliter

316 2108 416 2170 Genus
433 2107 614 2179 humanum,
631 2106 712 2166 Deus
730 2112 859 2169 aeternus
873 2108 946 2170 Arte
963 2127 1031 2182 sua,
1049 2127 1116 2186 quae
1132 2107 1247 2170 Natura

317 2218 377 2286 est,
397 2211 428 2270 in
448 2230 517 2272 esse
543 2211 687 2289 producit.
717 2211 753 2274 Et
780 2213 838 2273 hoc
860 2213 1001 2290 quaeritur
1027 2213 1076 2274 hic
1099 2217 1248 2290 tanquam
1289 2225 1290 2234 ¹

316 2314 493 2393 principium
505 2315 703 2392 inquisitionis
718 2316 902 2378 directivum.
916 2319 1043 2396 Propter
1057 2319 1139 2396 quod
1154 2320 1248 2380 scien·

269 2431 298 2476 15
317 2421 389 2481 dum
403 2419 499 2497 primo
504 2466 512 2495 ‚
528 2422 608 2497 quod
625 2422 705 2482 Deus
720 2428 749 2482 ct
763 2423 877 2485 Natura
891 2424 932 2484 nil
945 2423 1075 2487 otiosum
1090 2427 1179 2490 facit:
1195 2429 1247 2489 sed

303 2526 461 2614 *quidquid
477 2526 576 2605 prodit
596 2527 627 2588 in
648 2547 728 2603 esse,
752 2532 856 2591 estad
881 2532 1013 2610 aliquam
1028 2535 1246 2612 operationem.

316 2633 383 2694 Non
397 2632 478 2694 enim
492 2634 622 2698 essentia
635 2636 695 2698 ulla
709 2642 809 2698 creata
822 2638 944 2699 ultimus
954 2639 1033 2700 Finis
1049 2645 1096 2700 est
1108 2640 1140 2700 in
1153 2641 1248 2703 inten-

316 2743 396 2803 tione
410 2742 559 2816 Creantis‚
573 2741 605 2802 in
618 2748 765 2820 quantum
777 2761 896 2816 creans,
909 2744 962 2804 sed
973 2742 1093 2820 propria
1107 2743 1247 2806 essentia

317 2849 458 2928 operatio.
475 2848 562 2910 Unde
579 2855 639 2922 est,
654 2849 734 2926 quod
751 2867 813 2909 non
833 2849 966 2927 operatio
987 2848 1108 2928 propria
1124 2859 1250 2930 propter

269 2970 300 3017 ro
318 2953 495 3029 essentiam,
514 2955 568 3015 sed
583 2955 648 3014 hacc
663 2960 785 3033 propter
800 2955 883 3016 illam
897 2955 990 3018 habet
1009 2963 1043 3018 ut
1063 2955 1110 3019 sit.

397 3061 452 3122 Est
469 3080 540 3138 ergo
560 3061 660 3139 aliqua
680 3060 800 3139 propria
820 3060 954 3139 operatio
966 3061 1109 3124 humanae
1126 3063 1251 3128 Univer-

316 3169 426 3242 sitatis‚
452 3169 491 3229 ad
518 3186 609 3248 quam
630 3166 696 3245 ipsa
716 3167 901 3229 Universitas
924 3166 1082 3230 hominum
1107 3167 1139 3232 in
1166 3176 1252 3235 tanta
1288 3229 1290 3254 A

316 3273 505 3336 multitudine
526 3274 692 3349 ordinatum
714 3275 752 3335 ad
777 3294 870 3352 quam
894 3274 1016 3354 quidem
1039 3277 1253 3356 operationem

317 3401 374 3443 nec
390 3381 481 3442 homo
498 3401 590 3456 unus,
606 3399 663 3444 nec
680 3382 788 3444 domus
806 3402 878 3458 una,
896 3403 952 3444 nec
969 3403 1030 3446 una
1049 3383 1171 3460 vicinia,
1194 3407 1253 3448 nec

269 3502 298 3548 2⁵
317 3507 378 3550 una
399 3487 514 3561 civitas,
536 3508 592 3550 nec
616 3509 743 3568 regnum
758 3492 936 3569 particulare
952 3492 1123 3571 pertingere
1137 3503 1253 3572 potest.
