2578 4038
193 183 247 237 ‘274
540 195 577 235 nu
595 195 773 238 moruncurt.

197 323 275 383 dicat
294 321 324 382 in
342 322 495 383 Jchanne:
514 325 745 386 Consummatum
762 333 820 404 est;
835 346 907 387 nam
921 325 972 388 ubi
986 343 1129 386 consum·

149 435 177 480 20
197 432 313 490 matum
330 433 388 501 est,
407 428 480 488 nihil
494 433 588 490 restat
605 431 764 506 agendum.

276 535 402 612 Propter
413 534 650 596 convenientiam
664 535 831 609 sciendum,
844 538 925 614 quod
935 536 1051 616 punitio
1065 556 1129 598 non

197 645 244 702 est
266 640 437 718 simpliciter
458 659 547 718 poena
566 639 707 717 injuriam
726 637 879 713 inferenti,
902 640 955 701 sed
976 657 1068 717 poena
1086 638 1130 698 in-

199 745 278 807 llicta
297 747 439 825 injuriam
458 746 596 806 inferenti
617 747 655 806 ab
672 746 803 806 habente
818 745 1056 822 jurisdictionem
1078 765 1131 822 pu·

199 854 313 927 niendi;
329 855 408 913 unde
422 853 480 914 nisi
497 855 535 913 ab
552 853 701 914 ordinario
716 853 817 931 J‘udioe
836 871 926 931 poena
946 851 1059 912 inflicta
1076 851 1130 923 sit,

152 969 178 1012 25
199 958 312 1038 punitio
329 959 391 1020 non
408 964 470 1040 est,
494 960 548 1020 scd
567 959 666 1037 potius
686 959 793 1036 injuria
819 964 866 1019 est
891 957 1030 1019 dicenda:
1048 958 1130 1016 unde

199 1064 316 1125 dicebat
332 1063 381 1123 ille
398 1063 507 1139 Moysi:
528 1064 598 1136 Quis
614 1071 639 1122 tc
655 1066 800 1124 constituit
807 1065 937 1141 judicem
952 1083 1041 1142 super
1055 1063 1131 1123 nos?

200 1169 231 1228 Si
241 1186 313 1243 ergo
324 1169 380 1227 sub
391 1167 540 1227 ordinario
553 1169 651 1244 judice
663 1169 798 1230 Christus
813 1188 921 1247 passus
936 1188 997 1228 non
1010 1168 1130 1239 luisset,

200 1273 250 1332 illa
265 1291 354 1350 poena
370 1272 484 1350 punitio
501 1292 562 1332 non
584 1273 702 1334 fuisset:
721 1280 751 1334 et
768 1275 860 1351 judex
876 1272 1044 1333 ordinarius
1062 1291 1131 1334 esse

200 1395 264 1436 non
280 1384 410 1455 poterat,
433 1377 490 1439 nisi
511 1398 603 1456 supra
629 1385 727 1440 totum
753 1380 921 1440 humanum
939 1379 1041 1438 Genus
1062 1377 1133 1455 juri-

153 1485 182 1530 5ο
201 1475 378 1536 sdicticnem
399 1477 532 1549 habens,
550 1495 645 1554 quum
665 1482 762 1538 totum
787 1476 956 1536 humanum
972 1474 1075 1534 Genus
1102 1473 1133 1532 in

201 1599 291 1642 carne
308 1580 358 1642 illa
375 1582 486 1642 Christi
502 1582 649 1661 portantis
666 1584 785 1644 dolores
803 1588 925 1643 nostros
944 1583 988 1657 (ut
1005 1581 1047 1642 ait
1062 1582 1135 1642 Pro·

196 1685 297 1764 pheta)
315 1688 361 1748 vel
379 1688 566 1762 sustinentis,
582 1689 800 1767 puniretur-Et
814 1708 907 1766 supra
919 1693 1017 1749 totum
1030 1689 1134 1748 huma·

200 1812 275 1854 num
288 1794 388 1854 Genus
407 1794 544 1854 Tiberius
557 1795 675 1869 Coesar,
690 1797 774 1873 cujus
787 1795 915 1856 vicarius
929 1799 994 1856 erat
1007 1794 1134 1868 Pilatus,

201 1901 438 1980 jurisdictionem
453 1921 514 1963 non
528 1902 699 1976 habuisset,
713 1903 770 1963 nisi
785 1901 957 1962 Romanum
973 1901 1135 1978 Imperium

157 2016 183 2059 55
204 2005 241 2064 de
258 2005 327 2064 lure
341 2004 456 2064 fuisset.
475 2002 550 2062 Hinc
570 2009 616 2063 est
634 2005 714 2080 quod
734 2005 884 2078 Herodes,
902 2005 1038 2082 quamvis
1055 2005 1137 2082 igno·

202 2127 274 2168 rans
296 2107 366 2184 quid
383 2107 506 2180 laceret,
521 2107 597 2168 sicut
610 2113 640 2167 et
660 2109 804 2187 Caiphas,
822 2129 917 2188 quum
937 2129 1043 2172 rerum
1063 2110 1136 2172 dixit

203 2215 242 2273 de
262 2211 375 2272 coelesti
392 2212 526 2282 decreto,
544 2210 698 2271 Christum
714 2211 809 2274 Pilato
823 2212 936 2274 remisit
953 2214 992 2273 ad
1003 2211 1138 2290 judican-

205 2319 290 2390 dum,
313 2321 346 2377 ut
367 2317 464 2377 Lucas
479 2319 511 2378 in
528 2336 583 2378 suo
600 2319 753 2397 &ancello
770 2319 869 2380 tradit.
886 2319 959 2380 Erat
976 2318 1056 2378 enim
1080 2319 1139 2378 He-

206 2425 309 2496 rodes,
327 2443 389 2484 non
409 2423 504 2483 vicem
521 2424 632 2486 Tiberii
648 2444 756 2502 gerens
774 2426 830 2486 sub
844 2426 929 2502 signo
942 2424 1073 2502 Aquilae,
1091 2424 1139 2484 vel

159 2545 187 2589 40
206 2535 263 2595 sub
283 2532 368 2610 signo
389 2533 531 2607 Senatus,
553 2534 608 2595 sed
628 2533 694 2595 Rex
708 2553 802 2610 regno
819 2532 960 2610 singulari
982 2530 1140 2592 ordinatus

209 2640 247 2702 ab
264 2659 314 2712 co,
329 2646 360 2701 et
376 2639 432 2700 sub
449 2640 534 2717 signo
547 2640 632 2718 regni
648 2640 704 2702 sibi
720 2639 874 2702 commissi
885 2641 1067 2717 gubernans.
1083 2637 1140 2698 De·

208 2746 307 2806 sinant
325 2745 414 2821 igitur
438 2745 600 2824 Imperium
619 2739 803 2825 exprobrare
822 2747 1007 2818 Romanum,
1029 2744 1080 2821 qui
1106 2763 1140 2804 se

209 2855 285 2916 filios
310 2851 448 2913 Ecclesiae
469 2851 598 2927 lingunt,
627 2870 722 2929 quum
741 2851 861 2912 videant
887 2851 1040 2929 Sponsum
1060 2849 1143 2909 Chri·

211 2967 291 3022 stum
312 2960 383 3020 illud
408 2959 450 3019 sic
476 2959 508 3020 in
534 2964 662 3035 utroque
682 2959 810 3020 termino
838 2979 900 3020 suae
923 2957 1034 3020 militiae
1061 2977 1142 3018 com-

163 3081 189 3122 45
210 3066 365 3142 probasse.
380 3065 418 3125 Et
429 3066 492 3143 jam
503 3063 686 3126 sufficienter
702 3066 897 3128 manifestum
913 3085 981 3128 esse
998 3065 1140 3138 arbitror,

210 3171 383 3231 Romanum
396 3172 541 3248 populum
553 3169 610 3230 sibi
626 3171 664 3230 de
679 3171 750 3233 Jure
766 3170 847 3232 orbis
864 3170 1027 3249 Imperium
1047 3168 1142 3230 adsci-

211 3276 299 3336 visse.
317 3275 342 3335 0
358 3276 477 3337 felicem
492 3279 649 3356 populum,
662 3297 680 3338 o
695 3277 860 3339 Ausoniam
877 3285 908 3340 le
921 3276 1101 3356 gloriosam,
1117 3275 1142 3336 si

212 3385 259 3444 vel
279 3401 435 3458 nunquam
454 3383 622 3445 infirmator
640 3385 689 3445 ille
710 3384 827 3462 Imperii
848 3385 891 3446 lui
911 3390 1000 3445 natus
1022 3383 1143 3455 luisset,

213 3489 259 3546 vel
279 3507 434 3564 nunquam
450 3507 506 3548 sua
521 3489 571 3565 pla
587 3488 711 3551 intentio
726 3490 825 3568 ipsum
841 3492 1006 3553 fefellisset!
