2560 4022
465 175 553 217 LIBER
572 176 688 219 ramus.

495 413 592 475 Carur
611 415 659 474 lx.

118 605 153 648 De
160 604 259 658 niplioi
269 604 389 648 varietate
398 606 528 658 sermonis,
539 608 563 649 et
572 607 675 659 qualiter
684 617 728 660 per
737 609 846 660 tempora
855 608 919 652 idem
929 609 1020 653 idioma

313 685 432 736 mutatur,
443 686 468 727 et
477 681 508 726 de
518 683 655 727 inventione
665 683 843 728 Grammaticos.

180 884 248 944 Nos
267 888 375 944 autem
391 902 472 942 nunc
488 889 605 960 oportet
622 903 713 960 quam
727 884 876 944 habemus
893 881 1042 944 rationem

101 989 282 1067 periclitari;
302 1008 374 1048 cum
389 989 540 1067 inquirere
556 989 748 1050 intendamus
764 991 801 1050 de
817 989 865 1063 iis,
884 988 915 1048 in
932 987 1040 1066 quibus

102 1099 214 1159 nullius
232 1097 414 1158 auctoritate
430 1095 581 1170 fulcimur,
599 1097 656 1158 hoc
673 1103 719 1158 est
736 1098 773 1158 de
789 1097 877 1157 unius
895 1098 1042 1175 ejusdem-

103 1225 162 1282 que
179 1227 199 1266 a
213 1203 361 1284 principio
378 1203 527 1264 idiomatis
542 1203 704 1265 variatione
721 1212 833 1266 secuta.
848 1201 886 1265 Et
903 1204 973 1282 quia
987 1223 1041 1282 per

103 1314 224 1374 notiora
241 1313 354 1372 itinera
373 1310 507 1371 securius
522 1309 702 1387 breviusque
718 1311 875 1386 transitur,
893 1329 947 1390 per
961 1310 1041 1372 istud
1061 1325 1076 1372 5

105 1425 224 1481 tantum
236 1419 318 1497 quod
330 1416 418 1478 nobis
430 1423 476 1477 est
484 1417 593 1478 idioma
602 1437 777 1496 pergamus,
787 1418 845 1480 alia
855 1420 1040 1478 deserentes.

102 1523 184 1584 Nam
199 1525 281 1602 quod
295 1523 327 1583 in
342 1541 403 1583 uno
419 1529 465 1583 est
481 1523 640 1598 rationale,
655 1523 770 1585 videtur
784 1523 814 1584 in
829 1523 892 1584 aliis
909 1543 976 1583 esse
994 1543 1041 1582 ea·

106 1633 182 1692 dem
197 1652 296 1692 eausa.
311 1631 366 1704 Est
382 1629 470 1707 igitur
484 1650 574 1709 super
591 1630 671 1707 quod
685 1629 838 1707 gradimur
853 1628 964 1688 idioma
981 1632 1041 1687 tra·

109 1739 236 1812 ctando,
251 1737 413 1810 trifarium,
428 1744 462 1797 ut
477 1735 614 1814 superius
632 1734 744 1793 dietum
759 1737 819 1804 est,
835 1750 908 1790 nam
922 1730 970 1790 alii
987 1730 1040 1805 Oo,

108 1843 161 1904 alii
177 1844 220 1924 Sl,
238 1845 286 1906 alii
298 1865 369 1906 vero
384 1843 486 1904 dicunt
501 1843 555 1902 Oil.
570 1842 608 1901 Et
622 1840 703 1917 quod
718 1855 813 1897 unum
828 1833 917 1893 fuerit
931 1853 949 1893 a
963 1831 1039 1908 prin·
1060 1847 1089 1892 10

112 1950 186 2029 cipio
203 1951 386 2013 confusionis
404 1951 497 2027 (quod
513 1947 595 2028 prius
613 1945 804 2025 probandum
822 1939 882 2022 est)
899 1947 1039 2019 apparet,

110 2061 189 2135 quod
204 2058 401 2122 convenimus
418 2056 450 2117 in
466 2054 616 2116 vocabulis
634 2051 751 2124 multis,
769 2050 850 2110 velut
864 2047 1041 2124 eloquentes

38 2137 47 2160 ⁴
112 2157 248 2224 doctores
266 2163 440 2224 ostendunt.
456 2161 528 2233 Quae
544 2157 664 2236 quidem
683 2152 891 2216 convenientia
904 2151 960 2230 ipsi
973 2171 1040 2212 oon-

111 2267 216 2330 fusioni
232 2272 397 2347 repugnat,
420 2285 486 2344 quae
502 2263 556 2324 luit
573 2269 696 2342 propter
713 2257 853 2319 delictum
868 2255 900 2315 in
917 2254 1040 2315 aedifica·

113 2373 192 2435 tione
206 2375 309 2436 Babel.
327 2371 493 2449 Trilingues
513 2389 583 2448 ergo
606 2368 743 2427 doctores
764 2363 795 2424 in
815 2361 916 2423 multis
934 2379 1039 2421 eonve-
1059 2371 1086 2416 15

115 2475 213 2552 niunt,
235 2487 264 2538 et
279 2478 413 2539 maxime
430 2477 461 2538 in
478 2477 535 2538 hoo
551 2476 709 2548 vocabulo,
727 2475 808 2552 quod
826 2479 872 2534 est
888 2474 999 2532 Amor:

190 2586 344 2647 Gerardus
362 2585 399 2645 de
415 2583 551 2644 Borneil:

345 2735 359 2770 o
375 2716 403 2772 Si
419 2733 447 2770 m
462 2715 547 2770 sentis
562 2712 638 2767 srzels
653 2711 738 2764 amics

376 2814 431 2868 Per
445 2830 494 2867 ver
508 2827 626 2867 enousar
640 2811 741 2866 Amor.
760 2827 774 2862 r>

191 2969 258 3030 Rex
275 2968 442 3029 Navarriae:

238 3137 252 3172 o
269 3119 309 3173 De
323 3119 363 3172 fin
379 3117 470 3173 Amor
485 3118 508 3173 si
523 3085 598 3174 vient
613 3135 663 3173 sen
678 3125 704 3174 et
719 3118 810 3174 bonta.
829 3134 842 3170 a

194 3268 282 3328 Dom.
299 3267 394 3330 Guido
412 3267 578 3330 Guinicelli:

241 3437 254 3470 o
270 3417 313 3472 Ne
328 3417 479 3489 se'Amor,
497 3419 652 3490 primaohe
668 3419 753 3488 gentil
767 3435 844 3488 oure,

271 3510 315 3566 Ne
330 3528 378 3567 cor
390 3515 491 3586 gentil,
506 3517 596 3586 prima
608 3515 650 3570 eh’
661 3518 767 3586 Amor,
785 3524 894 3573 natura.
910 3535 924 3570 a
