<?xml version="1.0" encoding="UTF-8"?>
<!DOCTYPE html PUBLIC "-//W3C//DTD XHTML 1.0 Transitional//EN"
    "http://www.w3.org/TR/xhtml1/DTD/xhtml1-transitional.dtd">
<html xmlns="http://www.w3.org/1999/xhtml" xml:lang="en" lang="en">
 <head>
  <title>
</title>
<meta http-equiv="Content-Type" content="text/html;charset=utf-8" />
  <meta name='ocr-system' content='tesseract 3.04.00' />
  <meta name='ocr-capabilities' content='ocr_page ocr_carea ocr_par ocr_line ocrx_word'/>
</head>
<body>
  <div class='ocr_page' id='page_1' title='image "./operelatine00giulgoog_0085.png"; bbox 0 0 2560 4022; ppageno 0'>
   <div class='ocr_carea' id='block_1_1' title="bbox 238 239 893 294">
    <p class='ocr_par' dir='ltr' id='par_1_1' title="bbox 238 239 893 294">
     <span class='ocr_line' id='line_1_1' title="bbox 238 239 893 294; baseline -0.005 -5"><span class='ocrx_word' id='word_1_1' title='bbox 238 239 274 294; x_wconf 81' lang='grc'>66</span> <span class='ocrx_word' id='word_1_2' title='bbox 505 247 542 288; x_wconf 85' lang='lat' dir='ltr'>DE</span> <span class='ocrx_word' id='word_1_3' title='bbox 560 246 684 289; x_wconf 79' lang='lat' dir='ltr'>VULGARI</span> <span class='ocrx_word' id='word_1_4' title='bbox 703 246 893 294; x_wconf 77' lang='lat' dir='ltr'>ELOQUEN&#39;I&#39;IA.</span> 
     </span>
    </p>
   </div>
   <div class='ocr_carea' id='block_1_2' title="bbox 193 375 1168 988">
    <p class='ocr_par' dir='ltr' id='par_1_2' title="bbox 241 375 1167 668">
     <span class='ocr_line' id='line_1_2' title="bbox 241 375 1167 457; baseline -0.011 -14"><span class='ocrx_word' id='word_1_5' title='bbox 241 381 488 457; x_wconf 77' lang='lat' dir='ltr'>cubilitadinltote‚</span> <span class='ocrx_word' id='word_1_6' title='bbox 506 380 585 456; x_wconf 93' lang='lat' dir='ltr'>quod</span> <span class='ocrx_word' id='word_1_7' title='bbox 603 379 741 440; x_wconf 87' lang='lat' dir='ltr'>duodena</span> <span class='ocrx_word' id='word_1_8' title='bbox 756 377 907 457; x_wconf 78' lang='lat' dir='ltr'>perficitur</span> <span class='ocrx_word' id='word_1_9' title='bbox 924 375 1037 454; x_wconf 79' lang='lat' dir='ltr'><strong>syllaba</strong></span> <span class='ocrx_word' id='word_1_10' title='bbox 1053 375 1085 435; x_wconf 92' lang='lat' dir='ltr'>in</span> <span class='ocrx_word' id='word_1_11' title='bbox 1098 375 1167 434; x_wconf 93' lang='lat' dir='ltr'>Vul-</span> 
     </span>
     <span class='ocr_line' id='line_1_3' title="bbox 241 480 1167 566; baseline -0.011 -17"><span class='ocrx_word' id='word_1_12' title='bbox 241 488 316 566; x_wconf 84' lang='lat' dir='ltr'>gari,</span> <span class='ocrx_word' id='word_1_13' title='bbox 338 495 368 549; x_wconf 91' lang='lat' dir='ltr'>et</span> <span class='ocrx_word' id='word_1_14' title='bbox 387 486 418 547; x_wconf 91' lang='lat' dir='ltr'>in</span> <span class='ocrx_word' id='word_1_15' title='bbox 440 485 642 547; x_wconf 83' lang='lat' dir='ltr'>Grammatico</span> <span class='ocrx_word' id='word_1_16' title='bbox 661 486 786 546; x_wconf 86' lang='lat' dir='ltr'>tredena</span> <span class='ocrx_word' id='word_1_17' title='bbox 810 481 974 561; x_wconf 88' lang='lat' dir='ltr'>perficitur,</span> <span class='ocrx_word' id='word_1_18' title='bbox 995 480 1026 540; x_wconf 92' lang='lat' dir='ltr'>in</span> <span class='ocrx_word' id='word_1_19' title='bbox 1047 480 1167 540; x_wconf 90' lang='lat' dir='ltr'>duobus</span> 
     </span>
     <span class='ocr_line' id='line_1_4' title="bbox 241 585 1167 668; baseline -0.005 -17"><span class='ocrx_word' id='word_1_20' title='bbox 241 590 376 668; x_wconf 86' lang='lat' dir='ltr'><strong>obliquis.</strong></span> <span class='ocrx_word' id='word_1_21' title='bbox 393 589 550 663; x_wconf 86' lang='lat' dir='ltr'>Quomodo</span> <span class='ocrx_word' id='word_1_22' title='bbox 567 595 669 649; x_wconf 89' lang='lat' dir='ltr'>autem</span> <span class='ocrx_word' id='word_1_23' title='bbox 678 590 781 666; x_wconf 79' lang='lat' dir='ltr'>percis,</span> <span class='ocrx_word' id='word_1_24' title='bbox 797 590 892 648; x_wconf 72' lang='lat' dir='ltr'>insuto</span> <span class='ocrx_word' id='word_1_25' title='bbox 911 585 1085 665; x_wconf 82' lang='lat' dir='ltr'>hujusmodl</span> <span class='ocrx_word' id='word_1_26' title='bbox 1107 587 1167 647; x_wconf 87' lang='lat' dir='ltr'>sint</span> 
     </span>
    </p>

    <p class='ocr_par' dir='ltr' id='par_1_3' title="bbox 193 690 1168 988">
     <span class='ocr_line' id='line_1_5' title="bbox 193 690 1168 774; baseline -0.012 -11"><span class='ocrx_word' id='word_1_27' title='bbox 193 720 219 764; x_wconf 75' lang='lat' dir='ltr'>aa</span> <span class='ocrx_word' id='word_1_28' title='bbox 240 697 452 760; x_wconf 87' lang='lat' dir='ltr'>armouizanda</span> <span class='ocrx_word' id='word_1_29' title='bbox 467 715 522 774; x_wconf 86' lang='lat' dir='ltr'>per</span> <span class='ocrx_word' id='word_1_30' title='bbox 542 700 650 768; x_wconf 86' lang='lat' dir='ltr'>metra,</span> <span class='ocrx_word' id='word_1_31' title='bbox 667 692 789 754; x_wconf 86' lang='lat' dir='ltr'>inferius</span> <span class='ocrx_word' id='word_1_32' title='bbox 814 693 1004 754; x_wconf 82' lang='lat' dir='ltr'>instruondm</span> <span class='ocrx_word' id='word_1_33' title='bbox 1027 690 1168 769; x_wconf 89' lang='lat' dir='ltr'>relinqui-</span> 
     </span>
     <span class='ocr_line' id='line_1_6' title="bbox 240 802 1166 883; baseline -0.006 -17"><span class='ocrx_word' id='word_1_34' title='bbox 240 825 317 866; x_wconf 89' lang='lat' dir='ltr'>mus.</span> <span class='ocrx_word' id='word_1_35' title='bbox 335 806 372 866; x_wconf 86' lang='lat' dir='ltr'>Et</span> <span class='ocrx_word' id='word_1_36' title='bbox 393 824 459 883; x_wconf 87' lang='lat' dir='ltr'>quae</span> <span class='ocrx_word' id='word_1_37' title='bbox 475 805 553 864; x_wconf 86' lang='lat' dir='ltr'>dicta</span> <span class='ocrx_word' id='word_1_38' title='bbox 570 808 641 864; x_wconf 85' lang='lat' dir='ltr'>sunt</span> <span class='ocrx_word' id='word_1_39' title='bbox 657 805 694 865; x_wconf 92' lang='lat' dir='ltr'>de</span> <span class='ocrx_word' id='word_1_40' title='bbox 707 802 913 881; x_wconf 84' lang='lat' dir='ltr'>fastigiositate</span> <span class='ocrx_word' id='word_1_41' title='bbox 934 802 1166 874; x_wconf 88' lang='lat' dir='ltr'>vocabulorum,</span> 
     </span>
     <span class='ocr_line' id='line_1_7' title="bbox 239 907 738 988; baseline -0.004 -18"><span class='ocrx_word' id='word_1_42' title='bbox 239 911 373 988; x_wconf 83' lang='lat' dir='ltr'>ingenuae</span> <span class='ocrx_word' id='word_1_43' title='bbox 391 907 562 970; x_wconf 88' lang='lat' dir='ltr'>discretioni</span> <span class='ocrx_word' id='word_1_44' title='bbox 579 908 738 970; x_wconf 86' lang='lat' dir='ltr'>sufficiant.</span> 
     </span>
    </p>
   </div>
   <div class='ocr_carea' id='block_1_3' title="bbox 609 1145 798 1206">
    <p class='ocr_par' dir='ltr' id='par_1_4' title="bbox 609 1145 798 1206">
     <span class='ocr_line' id='line_1_8' title="bbox 609 1145 798 1206; baseline -0.016 0"><span class='ocrx_word' id='word_1_45' title='bbox 609 1145 707 1206; x_wconf 75' lang='lat' dir='ltr'>Carur</span> <span class='ocrx_word' id='word_1_46' title='bbox 727 1145 798 1204; x_wconf 90' lang='lat' dir='ltr'>Vlll.</span> 
     </span>
    </p>
   </div>
   <div class='ocr_carea' id='block_1_4' title="bbox 374 1326 1034 1382">
    <p class='ocr_par' dir='ltr' id='par_1_5' title="bbox 374 1326 1034 1382">
     <span class='ocr_line' id='line_1_9' title="bbox 374 1326 1034 1382; baseline -0.006 -11"><span class='ocrx_word' id='word_1_47' title='bbox 374 1329 435 1380; x_wconf 86' lang='lat' dir='ltr'>Quid</span> <span class='ocrx_word' id='word_1_48' title='bbox 445 1329 476 1371; x_wconf 85' lang='lat' dir='ltr'>sit</span> <span class='ocrx_word' id='word_1_49' title='bbox 488 1327 587 1382; x_wconf 80' lang='lat' dir='ltr'>Cautio,</span> <span class='ocrx_word' id='word_1_50' title='bbox 598 1331 623 1371; x_wconf 86' lang='lat' dir='ltr'>et</span> <span class='ocrx_word' id='word_1_51' title='bbox 631 1328 697 1380; x_wconf 88' lang='lat' dir='ltr'>quod</span> <span class='ocrx_word' id='word_1_52' title='bbox 706 1327 816 1382; x_wconf 87' lang='lat' dir='ltr'>pluribus</span> <span class='ocrx_word' id='word_1_53' title='bbox 827 1327 907 1369; x_wconf 91' lang='lat' dir='ltr'>modis</span> <span class='ocrx_word' id='word_1_54' title='bbox 918 1326 1034 1368; x_wconf 84' lang='lat' dir='ltr'>variatur.</span> 
     </span>
    </p>
   </div>
   <div class='ocr_carea' id='block_1_5' title="bbox 191 1488 1174 3053">
    <p class='ocr_par' dir='ltr' id='par_1_6' title="bbox 238 1488 1173 1887">
     <span class='ocr_line' id='line_1_10' title="bbox 319 1488 1173 1568; baseline -0.002 -19"><span class='ocrx_word' id='word_1_55' title='bbox 319 1489 497 1568; x_wconf 83' lang='lat' dir='ltr'>Praeparatis</span> <span class='ocrx_word' id='word_1_56' title='bbox 512 1489 654 1563; x_wconf 87' lang='lat' dir='ltr'>fustibus,</span> <span class='ocrx_word' id='word_1_57' title='bbox 668 1488 884 1566; x_wconf 84' lang='lat' dir='ltr'>torquibusque</span> <span class='ocrx_word' id='word_1_58' title='bbox 899 1488 937 1549; x_wconf 87' lang='lat' dir='ltr'>ad</span> <span class='ocrx_word' id='word_1_59' title='bbox 952 1488 1079 1560; x_wconf 87' lang='lat' dir='ltr'>fascem,</span> <span class='ocrx_word' id='word_1_60' title='bbox 1091 1507 1173 1548; x_wconf 91' lang='lat' dir='ltr'>nunc</span> 
     </span>
     <span class='ocr_line' id='line_1_11' title="bbox 238 1585 1173 1675; baseline -0.006 -17"><span class='ocrx_word' id='word_1_61' title='bbox 238 1596 382 1658; x_wconf 85' lang='lat' dir='ltr'>fasciandi</span> <span class='ocrx_word' id='word_1_62' title='bbox 401 1602 521 1675; x_wconf 91' lang='lat' dir='ltr'>tempus</span> <span class='ocrx_word' id='word_1_63' title='bbox 542 1596 701 1670; x_wconf 86' lang='lat' dir='ltr'>incumbit;</span> <span class='ocrx_word' id='word_1_64' title='bbox 723 1597 776 1657; x_wconf 89' lang='lat' dir='ltr'>sed</span> <span class='ocrx_word' id='word_1_65' title='bbox 791 1585 867 1672; x_wconf 75' lang='lat' dir='ltr'>‘quia</span> <span class='ocrx_word' id='word_1_66' title='bbox 894 1594 1052 1672; x_wconf 88' lang='lat' dir='ltr'>cujuslibet</span> <span class='ocrx_word' id='word_1_67' title='bbox 1074 1592 1173 1672; x_wconf 90' lang='lat' dir='ltr'>operis</span> 
     </span>
     <span class='ocr_line' id='line_1_12' title="bbox 240 1699 1172 1782; baseline -0.006 -17"><span class='ocrx_word' id='word_1_68' title='bbox 240 1703 366 1782; x_wconf 76' lang='lat' dir='ltr'>cognitio</span> <span class='ocrx_word' id='word_1_69' title='bbox 391 1705 561 1782; x_wconf 84' lang='lat' dir='ltr'>praecedere</span> <span class='ocrx_word' id='word_1_70' title='bbox 587 1705 677 1764; x_wconf 89' lang='lat' dir='ltr'>debet</span> <span class='ocrx_word' id='word_1_71' title='bbox 701 1703 919 1781; x_wconf 69' lang='lat' dir='ltr'>operationem,</span> <span class='ocrx_word' id='word_1_72' title='bbox 944 1701 1026 1761; x_wconf 86' lang='lat' dir='ltr'>velut</span> <span class='ocrx_word' id='word_1_73' title='bbox 1052 1699 1172 1776; x_wconf 80' lang='lat' dir='ltr'>signum</span> 
     </span>
     <span class='ocr_line' id='line_1_13' title="bbox 239 1805 1173 1887; baseline -0.009 -15"><span class='ocrx_word' id='word_1_74' title='bbox 239 1816 309 1872; x_wconf 85' lang='lat' dir='ltr'>ante</span> <span class='ocrx_word' id='word_1_75' title='bbox 331 1811 545 1873; x_wconf 87' lang='lat' dir='ltr'>admissionem</span> <span class='ocrx_word' id='word_1_76' title='bbox 566 1807 693 1887; x_wconf 83' lang='lat' dir='ltr'>sagittae,</span> <span class='ocrx_word' id='word_1_77' title='bbox 711 1808 758 1868; x_wconf 89' lang='lat' dir='ltr'>vel</span> <span class='ocrx_word' id='word_1_78' title='bbox 777 1806 880 1885; x_wconf 88' lang='lat' dir='ltr'>jaculi,</span> <span class='ocrx_word' id='word_1_79' title='bbox 898 1806 994 1886; x_wconf 87' lang='lat' dir='ltr'>primo</span> <span class='ocrx_word' id='word_1_80' title='bbox 1016 1810 1045 1866; x_wconf 88' lang='lat' dir='ltr'>et</span> <span class='ocrx_word' id='word_1_81' title='bbox 1067 1805 1173 1883; x_wconf 90' lang='lat' dir='ltr'>princi-</span> 
     </span>
    </p>

    <p class='ocr_par' dir='ltr' id='par_1_7' title="bbox 207 1911 1174 2414">
     <span class='ocr_line' id='line_1_14' title="bbox 207 1911 1172 1995; baseline -0.007 -18"><span class='ocrx_word' id='word_1_82' title='bbox 207 1928 219 1970; x_wconf 78' lang='lat'>5</span> <span class='ocrx_word' id='word_1_83' title='bbox 239 1915 344 1995; x_wconf 91' lang='lat' dir='ltr'>paliter</span> <span class='ocrx_word' id='word_1_84' title='bbox 364 1917 436 1994; x_wconf 93' lang='lat' dir='ltr'>quid</span> <span class='ocrx_word' id='word_1_85' title='bbox 458 1915 495 1976; x_wconf 85' lang='lat' dir='ltr'>sit</span> <span class='ocrx_word' id='word_1_86' title='bbox 515 1914 571 1975; x_wconf 87' lang='lat' dir='ltr'>iste</span> <span class='ocrx_word' id='word_1_87' title='bbox 592 1913 697 1986; x_wconf 85' lang='lat' dir='ltr'>fascis,</span> <span class='ocrx_word' id='word_1_88' title='bbox 716 1932 808 1989; x_wconf 91' lang='lat' dir='ltr'>quem</span> <span class='ocrx_word' id='word_1_89' title='bbox 828 1912 954 1973; x_wconf 89' lang='lat' dir='ltr'>fasciare</span> <span class='ocrx_word' id='word_1_90' title='bbox 975 1911 1172 1982; x_wconf 62' lang='lat' dir='ltr'>intendimus</span> 
     </span>
     <span class='ocr_line' id='line_1_15' title="bbox 239 1999 1174 2097; baseline -0.006 -15"><span class='ocrx_word' id='word_1_91' title='bbox 239 1999 403 2082; x_wconf 78' lang='lat' dir='ltr'>videamus.</span> <span class='ocrx_word' id='word_1_92' title='bbox 429 2020 529 2080; x_wconf 82' lang='lat' dir='ltr'>Fascis</span> <span class='ocrx_word' id='word_1_93' title='bbox 555 2019 643 2097; x_wconf 83' lang='lat' dir='ltr'>igitur</span> <span class='ocrx_word' id='word_1_94' title='bbox 667 2018 740 2091; x_wconf 88' lang='lat' dir='ltr'>iste,</span> <span class='ocrx_word' id='word_1_95' title='bbox 767 2018 792 2080; x_wconf 89' lang='lat' dir='ltr'>si</span> <span class='ocrx_word' id='word_1_96' title='bbox 816 2020 893 2080; x_wconf 89' lang='lat' dir='ltr'>bene</span> <span class='ocrx_word' id='word_1_97' title='bbox 919 2016 1174 2080; x_wconf 85' lang='lat' dir='ltr'>comminiscimur</span> 
     </span>
     <span class='ocr_line' id='line_1_16' title="bbox 239 2121 1174 2203; baseline -0.003 -18"><span class='ocrx_word' id='word_1_98' title='bbox 239 2124 340 2185; x_wconf 90' lang='lat' dir='ltr'>omnia</span> <span class='ocrx_word' id='word_1_99' title='bbox 355 2124 523 2200; x_wconf 86' lang='lat' dir='ltr'>praelibata,</span> <span class='ocrx_word' id='word_1_100' title='bbox 539 2123 643 2185; x_wconf 76' lang='lat' dir='ltr'>Contio</span> <span class='ocrx_word' id='word_1_101' title='bbox 657 2128 711 2184; x_wconf 83' lang='lat' dir='ltr'>esi.</span> <span class='ocrx_word' id='word_1_102' title='bbox 725 2125 913 2203; x_wconf 87' lang='lat' dir='ltr'>Quapropter</span> <span class='ocrx_word' id='word_1_103' title='bbox 931 2124 1001 2201; x_wconf 91' lang='lat' dir='ltr'>quid</span> <span class='ocrx_word' id='word_1_104' title='bbox 1019 2123 1056 2183; x_wconf 85' lang='lat' dir='ltr'>sit</span> <span class='ocrx_word' id='word_1_105' title='bbox 1070 2121 1174 2182; x_wconf 75' lang='lat' dir='ltr'>Cautio</span> 
     </span>
     <span class='ocr_line' id='line_1_17' title="bbox 238 2227 1173 2307; baseline 0 -19"><span class='ocrx_word' id='word_1_106' title='bbox 238 2229 408 2302; x_wconf 88' lang='lat' dir='ltr'>videamus,</span> <span class='ocrx_word' id='word_1_107' title='bbox 426 2237 455 2289; x_wconf 90' lang='lat' dir='ltr'>et</span> <span class='ocrx_word' id='word_1_108' title='bbox 472 2227 543 2305; x_wconf 90' lang='lat' dir='ltr'>quid</span> <span class='ocrx_word' id='word_1_109' title='bbox 560 2228 751 2307; x_wconf 80' lang='lat' dir='ltr'>intelligimus</span> <span class='ocrx_word' id='word_1_110' title='bbox 769 2249 839 2291; x_wconf 90' lang='lat' dir='ltr'>cum</span> <span class='ocrx_word' id='word_1_111' title='bbox 855 2229 980 2291; x_wconf 88' lang='lat' dir='ltr'>dicimus</span> <span class='ocrx_word' id='word_1_112' title='bbox 998 2228 1173 2290; x_wconf 78' lang='lat' dir='ltr'>Gentianam.</span> 
     </span>
     <span class='ocr_line' id='line_1_18' title="bbox 238 2335 1172 2414; baseline -0.003 -16"><span class='ocrx_word' id='word_1_113' title='bbox 238 2337 293 2398; x_wconf 81' lang='lat' dir='ltr'>Est</span> <span class='ocrx_word' id='word_1_114' title='bbox 313 2336 393 2398; x_wconf 89' lang='lat' dir='ltr'>enim</span> <span class='ocrx_word' id='word_1_115' title='bbox 419 2337 534 2414; x_wconf 77' lang='lat' dir='ltr'>Contio,</span> <span class='ocrx_word' id='word_1_116' title='bbox 555 2337 723 2399; x_wconf 89' lang='lat' dir='ltr'>secuudum</span> <span class='ocrx_word' id='word_1_117' title='bbox 748 2357 852 2399; x_wconf 81' lang='lat' dir='ltr'>rerum</span> <span class='ocrx_word' id='word_1_118' title='bbox 872 2337 1001 2399; x_wconf 89' lang='lat' dir='ltr'>nominis</span> <span class='ocrx_word' id='word_1_119' title='bbox 1027 2335 1172 2414; x_wconf 83' lang='lat' dir='ltr'>significa·</span> 
     </span>
    </p>

    <p class='ocr_par' dir='ltr' id='par_1_8' title="bbox 192 2442 1172 2627">
     <span class='ocr_line' id='line_1_19' title="bbox 192 2442 1172 2521; baseline 0.001 -18"><span class='ocrx_word' id='word_1_120' title='bbox 192 2447 220 2492; x_wconf 76' lang='lat'>10</span> <span class='ocrx_word' id='word_1_121' title='bbox 239 2448 316 2516; x_wconf 89' lang='lat' dir='ltr'>tum,</span> <span class='ocrx_word' id='word_1_122' title='bbox 333 2442 398 2520; x_wconf 92' lang='lat' dir='ltr'>ipse</span> <span class='ocrx_word' id='word_1_123' title='bbox 415 2445 536 2502; x_wconf 80' lang='lat' dir='ltr'>cauendi</span> <span class='ocrx_word' id='word_1_124' title='bbox 553 2450 647 2521; x_wconf 72' lang='lat' dir='ltr'>udus,</span> <span class='ocrx_word' id='word_1_125' title='bbox 660 2444 708 2504; x_wconf 86' lang='lat' dir='ltr'>vel</span> <span class='ocrx_word' id='word_1_126' title='bbox 717 2445 834 2521; x_wconf 76' lang='lat' dir='ltr'>passio,</span> <span class='ocrx_word' id='word_1_127' title='bbox 850 2444 926 2505; x_wconf 88' lang='lat' dir='ltr'>sicut</span> <span class='ocrx_word' id='word_1_128' title='bbox 940 2443 1042 2518; x_wconf 85' lang='lat' dir='ltr'>lectio,</span> <span class='ocrx_word' id='word_1_129' title='bbox 1056 2445 1172 2521; x_wconf 80' lang='lat' dir='ltr'>passio,</span> 
     </span>
     <span class='ocr_line' id='line_1_20' title="bbox 239 2549 534 2627; baseline -0.01 -16"><span class='ocrx_word' id='word_1_130' title='bbox 239 2553 286 2613; x_wconf 87' lang='lat' dir='ltr'>vel</span> <span class='ocrx_word' id='word_1_131' title='bbox 306 2555 391 2611; x_wconf 81' lang='lat' dir='ltr'>acius</span> <span class='ocrx_word' id='word_1_132' title='bbox 408 2549 534 2627; x_wconf 85' lang='lat' dir='ltr'>legendi.</span> 
     </span>
    </p>

    <p class='ocr_par' dir='ltr' id='par_1_9' title="bbox 239 2653 1174 2947">
     <span class='ocr_line' id='line_1_21' title="bbox 320 2653 1174 2735; baseline -0.006 -17"><span class='ocrx_word' id='word_1_133' title='bbox 320 2658 381 2718; x_wconf 88' lang='lat' dir='ltr'>Sed</span> <span class='ocrx_word' id='word_1_134' title='bbox 395 2656 606 2730; x_wconf 88' lang='lat' dir='ltr'>divaricemus,</span> <span class='ocrx_word' id='word_1_135' title='bbox 625 2659 706 2735; x_wconf 92' lang='lat' dir='ltr'>quod</span> <span class='ocrx_word' id='word_1_136' title='bbox 721 2657 832 2718; x_wconf 92' lang='lat' dir='ltr'>dictum</span> <span class='ocrx_word' id='word_1_137' title='bbox 847 2661 905 2728; x_wconf 88' lang='lat' dir='ltr'>est,</span> <span class='ocrx_word' id='word_1_138' title='bbox 922 2660 1027 2716; x_wconf 87' lang='lat' dir='ltr'>ulrum</span> <span class='ocrx_word' id='word_1_139' title='bbox 1040 2653 1174 2715; x_wconf 83' lang='lat' dir='ltr'>videlicet</span> 
     </span>
     <span class='ocr_line' id='line_1_22' title="bbox 239 2763 1174 2843; baseline 0 -19"><span class='ocrx_word' id='word_1_140' title='bbox 239 2765 304 2824; x_wconf 86' lang='lat' dir='ltr'>haec</span> <span class='ocrx_word' id='word_1_141' title='bbox 320 2765 358 2824; x_wconf 89' lang='lat' dir='ltr'>sit</span> <span class='ocrx_word' id='word_1_142' title='bbox 375 2764 492 2842; x_wconf 78' lang='lat' dir='ltr'>Cautio,</span> <span class='ocrx_word' id='word_1_143' title='bbox 509 2767 597 2842; x_wconf 93' lang='lat' dir='ltr'>prout</span> <span class='ocrx_word' id='word_1_144' title='bbox 614 2769 660 2826; x_wconf 90' lang='lat' dir='ltr'>est</span> <span class='ocrx_word' id='word_1_145' title='bbox 676 2773 770 2843; x_wconf 68' lang='lat' dir='ltr'>aduc,</span> <span class='ocrx_word' id='word_1_146' title='bbox 787 2767 834 2825; x_wconf 81' lang='lat' dir='ltr'>vel</span> <span class='ocrx_word' id='word_1_147' title='bbox 852 2771 942 2843; x_wconf 88' lang='lat' dir='ltr'>prout</span> <span class='ocrx_word' id='word_1_148' title='bbox 957 2767 1069 2842; x_wconf 77' lang='lat' dir='ltr'>passio.</span> <span class='ocrx_word' id='word_1_149' title='bbox 1087 2763 1174 2824; x_wconf 83' lang='lat' dir='ltr'>Circa</span> 
     </span>
     <span class='ocr_line' id='line_1_23' title="bbox 239 2866 1174 2947; baseline -0.004 -17"><span class='ocrx_word' id='word_1_150' title='bbox 239 2870 297 2931; x_wconf 93' lang='lat' dir='ltr'>hoc</span> <span class='ocrx_word' id='word_1_151' title='bbox 318 2869 570 2930; x_wconf 89' lang='lat' dir='ltr'>considerandum</span> <span class='ocrx_word' id='word_1_152' title='bbox 591 2873 651 2941; x_wconf 87' lang='lat' dir='ltr'>est,</span> <span class='ocrx_word' id='word_1_153' title='bbox 673 2869 753 2945; x_wconf 92' lang='lat' dir='ltr'>quod</span> <span class='ocrx_word' id='word_1_154' title='bbox 780 2869 881 2929; x_wconf 64' lang='grc' dir='ltr'><em>θαηέὶο</em></span> <span class='ocrx_word' id='word_1_155' title='bbox 901 2869 1058 2947; x_wconf 88' lang='lat' dir='ltr'>dupliciter</span> <span class='ocrx_word' id='word_1_156' title='bbox 1079 2866 1174 2945; x_wconf 90' lang='lat' dir='ltr'>accipi</span> 
     </span>
    </p>

    <p class='ocr_par' dir='ltr' id='par_1_10' title="bbox 191 2973 1171 3053">
     <span class='ocr_line' id='line_1_24' title="bbox 191 2973 1171 3053; baseline -0.003 -16"><span class='ocrx_word' id='word_1_157' title='bbox 191 2987 218 3030; x_wconf 77' lang='grc'>15</span> <span class='ocrx_word' id='word_1_158' title='bbox 237 2982 350 3053; x_wconf 90' lang='lat' dir='ltr'>potest;</span> <span class='ocrx_word' id='word_1_159' title='bbox 361 2994 421 3036; x_wconf 90' lang='lat' dir='ltr'>uno</span> <span class='ocrx_word' id='word_1_160' title='bbox 436 2976 527 3036; x_wconf 92' lang='lat' dir='ltr'>modo</span> <span class='ocrx_word' id='word_1_161' title='bbox 542 2974 709 3035; x_wconf 89' lang='lat' dir='ltr'>secundum</span> <span class='ocrx_word' id='word_1_162' title='bbox 725 2975 806 3052; x_wconf 90' lang='lat' dir='ltr'>quod</span> <span class='ocrx_word' id='word_1_163' title='bbox 819 2973 981 3036; x_wconf 85' lang='lat' dir='ltr'>fabricatur</span> <span class='ocrx_word' id='word_1_164' title='bbox 995 2976 1032 3035; x_wconf 89' lang='lat' dir='ltr'>ab</span> <span class='ocrx_word' id='word_1_165' title='bbox 1048 2979 1171 3035; x_wconf 87' lang='lat' dir='ltr'>auctore</span> 
     </span>
    </p>
   </div>
   <div class='ocr_carea' id='block_1_6' title="bbox 239 3076 1173 3261">
    <p class='ocr_par' dir='ltr' id='par_1_11' title="bbox 239 3076 1173 3261">
     <span class='ocr_line' id='line_1_25' title="bbox 242 3076 1173 3158; baseline 0.005 -22"><span class='ocrx_word' id='word_1_166' title='bbox 242 3094 311 3148; x_wconf 88' lang='lat' dir='ltr'>suo,</span> <span class='ocrx_word' id='word_1_167' title='bbox 329 3083 359 3136; x_wconf 88' lang='lat' dir='ltr'>et</span> <span class='ocrx_word' id='word_1_168' title='bbox 375 3076 417 3136; x_wconf 90' lang='lat' dir='ltr'>sic</span> <span class='ocrx_word' id='word_1_169' title='bbox 432 3081 479 3137; x_wconf 86' lang='lat' dir='ltr'>est</span> <span class='ocrx_word' id='word_1_170' title='bbox 494 3079 587 3154; x_wconf 56' lang='lat' dir='ltr'>cotim</span> <span class='ocrx_word' id='word_1_171' title='bbox 605 3081 634 3137; x_wconf 90' lang='lat' dir='ltr'>et</span> <span class='ocrx_word' id='word_1_172' title='bbox 651 3080 818 3140; x_wconf 89' lang='lat' dir='ltr'>secundum</span> <span class='ocrx_word' id='word_1_173' title='bbox 833 3078 925 3142; x_wconf 88' lang='lat' dir='ltr'>istum</span> <span class='ocrx_word' id='word_1_174' title='bbox 942 3084 1067 3144; x_wconf 92' lang='lat' dir='ltr'>modum</span> <span class='ocrx_word' id='word_1_175' title='bbox 1083 3081 1173 3158; x_wconf 83' lang='lat' dir='ltr'>Virgi-</span> 
     </span>
     <span class='ocr_line' id='line_1_26' title="bbox 239 3183 669 3261; baseline 0.002 -19"><span class='ocrx_word' id='word_1_176' title='bbox 239 3184 296 3243; x_wconf 88' lang='lat' dir='ltr'>lius</span> <span class='ocrx_word' id='word_1_177' title='bbox 313 3183 408 3261; x_wconf 91' lang='lat' dir='ltr'>primo</span> <span class='ocrx_word' id='word_1_178' title='bbox 427 3185 567 3245; x_wconf 63' lang='lat' dir='ltr'>Mandas</span> <span class='ocrx_word' id='word_1_179' title='bbox 584 3183 669 3244; x_wconf 85' lang='lat' dir='ltr'>dicit:</span> 
     </span>
    </p>
   </div>
   <div class='ocr_carea' id='block_1_7' title="bbox 402 3322 796 3394">
    <p class='ocr_par' dir='ltr' id='par_1_12' title="bbox 402 3322 796 3394">
     <span class='ocr_line' id='line_1_27' title="bbox 402 3322 796 3394; baseline 0 -20"><span class='ocrx_word' id='word_1_180' title='bbox 402 3339 416 3374; x_wconf 77' lang='lat' dir='ltr'>(r</span> <span class='ocrx_word' id='word_1_181' title='bbox 427 3322 513 3376; x_wconf 80' lang='lat' dir='ltr'>Arina</span> <span class='ocrx_word' id='word_1_182' title='bbox 527 3323 675 3394; x_wconf 86' lang='lat' dir='ltr'>virumque</span> <span class='ocrx_word' id='word_1_183' title='bbox 690 3336 796 3376; x_wconf 77' lang='lat' dir='ltr'>cano.»</span> 
     </span>
    </p>
   </div>
   <div class='ocr_carea' id='block_1_8' title="bbox 195 3457 1175 3643">
    <p class='ocr_par' dir='ltr' id='par_1_13' title="bbox 195 3423 1266 3643">
     <span class='ocr_line' id='line_1_28' title="bbox 241 3457 1174 3538; baseline 0.003 -20"><span class='ocrx_word' id='word_1_184' title='bbox 241 3457 307 3519; x_wconf 84' lang='lat' dir='ltr'>Alio</span> <span class='ocrx_word' id='word_1_185' title='bbox 329 3458 431 3531; x_wconf 90' lang='lat' dir='ltr'>modo,</span> <span class='ocrx_word' id='word_1_186' title='bbox 455 3460 622 3519; x_wconf 89' lang='lat' dir='ltr'>secundum</span> <span class='ocrx_word' id='word_1_187' title='bbox 638 3459 718 3537; x_wconf 95' lang='lat' dir='ltr'>quod</span> <span class='ocrx_word' id='word_1_188' title='bbox 737 3458 879 3520; x_wconf 85' lang='lat' dir='ltr'>fabricata</span> <span class='ocrx_word' id='word_1_189' title='bbox 899 3458 1050 3538; x_wconf 81' lang='lat' dir='ltr'>profertur</span> <span class='ocrx_word' id='word_1_190' title='bbox 1066 3459 1116 3519; x_wconf 81' lang='lat' dir='ltr'>vel</span> <span class='ocrx_word' id='word_1_191' title='bbox 1134 3460 1174 3520; x_wconf 89' lang='lat' dir='ltr'>ab</span> 
     </span>
     <span class='ocr_line' id='line_1_29' title="bbox 195 3564 1175 3643; baseline 0.005 -21"><span class='ocrx_word' id='word_1_192' title='bbox 195 3578 224 3622; x_wconf 77' lang='lat' dir='ltr'>co</span> <span class='ocrx_word' id='word_1_193' title='bbox 244 3568 378 3638; x_wconf 88' lang='lat' dir='ltr'>auctore,</span> <span class='ocrx_word' id='word_1_194' title='bbox 390 3565 437 3626; x_wconf 83' lang='lat' dir='ltr'>vel</span> <span class='ocrx_word' id='word_1_195' title='bbox 451 3565 489 3626; x_wconf 91' lang='lat' dir='ltr'>ab</span> <span class='ocrx_word' id='word_1_196' title='bbox 505 3564 562 3626; x_wconf 85' lang='lat' dir='ltr'>alio</span> <span class='ocrx_word' id='word_1_197' title='bbox 576 3565 755 3643; x_wconf 88' lang='lat' dir='ltr'>quicumque</span> <span class='ocrx_word' id='word_1_198' title='bbox 773 3566 824 3640; x_wconf 90' lang='lat' dir='ltr'>sit,</span> <span class='ocrx_word' id='word_1_199' title='bbox 837 3566 897 3628; x_wconf 82' lang='lat' dir='ltr'>sive</span> <span class='ocrx_word' id='word_1_200' title='bbox 909 3586 979 3628; x_wconf 91' lang='lat' dir='ltr'>cum</span> <span class='ocrx_word' id='word_1_201' title='bbox 994 3565 1060 3628; x_wconf 89' lang='lat' dir='ltr'>soni</span> <span class='ocrx_word' id='word_1_202' title='bbox 1068 3568 1175 3627; x_wconf 90' lang='lat' dir='ltr'>modu·</span> 
     </span>
    </p>
   </div>
   <div class='ocr_carea' id='block_1_9' title="bbox 0 0 1288 4022">
    <p class='ocr_par' dir='ltr' id='par_1_14' title="bbox 0 0 1288 4022">
     <span class='ocr_line' id='line_1_30' title="bbox 0 0 1288 4022; baseline 0 0"><span class='ocrx_word' id='word_1_203' title='bbox 0 0 1288 4022; x_wconf 95' lang='lat' dir='ltr'> </span> 
     </span>
    </p>
   </div>
  </div>
 </body>
</html>
