2560 4022
439 236 526 278 cinna
544 236 699 279 aucupans.
997 223 1033 278 65

91 389 167 448 quos
186 369 357 430 informare
379 367 575 441 intendimus,
596 369 661 429 sola
683 368 827 429 vocabula
847 368 1032 430 nobilissima

91 472 120 532 in
135 471 242 534 cribro
259 479 312 536 tuo
330 469 465 532 residere
483 471 610 533 curabis.
629 473 662 534 ln
676 493 805 551 quorum
822 495 961 550 numero,
977 497 1033 538 nec

89 579 221 660 puerilia
237 582 362 656 propter
374 576 421 637 sui
435 575 669 654 simplieitatem,
684 582 717 637 ul
734 578 863 638 Mamma
878 583 906 638 et
920 581 1031 657 Babbo,

90 689 172 748 Mota
189 692 222 747 et
243 686 336 759 Pate;
353 703 410 746 nec
436 683 591 744 muliebria
608 692 730 762 propter
748 685 793 745 sui
810 684 980 759 mollitiem,
998 691 1031 746 ut

90 793 231 852 dolciada
242 790 438 867 elphacerola
448 807 505 849 nec
518 788 678 861 silvestria,
690 794 812 868 propter
824 789 1030 868 asperitatem,
1052 808 1078 852 aa

92 907 126 958 ut
137 901 275 976 preppr'a,
291 903 321 957 et
332 901 459 972 caetera;
476 917 531 957 nee
548 899 665 960 urbana
681 899 794 961 lubrica
807 905 837 961 et
850 902 985 972 reburra,
1001 907 1033 960 ut

92 1005 205 1078 femina
223 1010 253 1064 et
271 1023 373 1080 corpo,
390 1005 452 1064 ullo
469 1004 558 1063 modo
573 1004 684 1082 poteris
703 1007 870 1068 conlocare.
885 1008 956 1069 Sola
974 1014 1031 1068 ete-

95 1109 162 1169 nim
176 1130 273 1187 pexa,
298 1111 447 1187 trsutoque
469 1111 585 1171 urbana
612 1110 662 1172 tibi
683 1116 797 1172 restare
819 1111 946 1185 videbis,
966 1130 1032 1188 quae

95 1215 286 1276 nobilissima
304 1220 388 1288 sunt,
405 1219 435 1274 et
451 1216 589 1277 membra
606 1217 741 1295 Vulgaris
757 1217 889 1278 illustris.
906 1218 943 1278 Et
953 1234 1033 1294 pena

96 1341 242 1383 vocamus
259 1321 326 1394 illa,
344 1340 411 1398 quae
428 1323 597 1400 trisyllaba,
613 1325 659 1384 vel
676 1325 857 1386 vicinissime
872 1327 1030 1404 trisyllabi·
1051 1343 1079 1386 so

97 1431 186 1508 litati,
203 1429 272 1490 sine
289 1428 483 1506 aspiratione,
500 1430 563 1490 sine
580 1437 706 1492 accentu
723 1440 827 1506 acuto,
845 1434 892 1492 vel
911 1434 1033 1494 circum·

99 1539 189 1612 llexo,
208 1540 276 1598 sine
293 1559 311 1597 z
327 1538 374 1598 vel
390 1557 412 1597 a
428 1538 606 1616 duplicibus,
625 1541 689 1600 sine
710 1542 839 1602 duarum
854 1540 1034 1617 liquidarum

98 1643 303 1719 geminatione
328 1643 376 1702 vel
397 1642 461 1703 sine
481 1641 628 1720 positione
646 1642 818 1704 immediate
831 1649 900 1721 post
918 1647 1034 1702 nautam

100 1748 296 1826 duplicatam,
313 1747 400 1825 quasi
414 1747 588 1825 loquentem
597 1767 667 1808 oum
681 1751 813 1826 quadam
830 1749 977 1810 suavitate
991 1768 1035 1808 re·

100 1854 258 1930 linquunt,
272 1855 429 1928 utAmore,
448 1853 780 1929 darana,dtato,rtrtute,
790 1855 912 1931 donare,
925 1855 1033 1928 taliata,
1055 1870 1081 1914 aa

101 1965 209 2043 adata,
224 1967 388 2041 securitate,
406 1963 509 2038 disere.
524 1963 624 2022 Irsato
642 1979 760 2038 quoque
778 1959 902 2020 dicimus
921 1957 1034 2032 omnia,

103 2063 210 2150 preter
227 2073 306 2146 haeo,
328 2091 395 2149 quae
416 2071 462 2130 vel
482 2069 666 2143 necessaria,
686 2069 733 2129 vel
750 2067 883 2129 ornativa
901 2065 1037 2126 videntur

103 2178 240 2257 Vulgaris
252 2179 386 2239 lllustris
398 2177 436 2239 Et
445 2175 615 2237 necessaria
626 2176 748 2253 quidem
756 2175 956 2254 appellamus
969 2191 1035 2250 quae

105 2301 263 2360 campsare
279 2300 340 2340 non
364 2297 538 2358 possumne,
554 2286 587 2340 ut
601 2280 740 2356 quaedam
761 2279 983 2356 monosyllaba,
1003 2287 1036 2340 ut

104 2389 146 2464 et,
163 2406 213 2464 eo,
234 2406 288 2464 me,
307 2395 346 2463 ta,
365 2406 408 2464 se,
424 2405 459 2464 a,
475 2406 502 2463 e,
520 2387 546 2463 t,
564 2406 594 2476 p,
610 2406 644 2463 a,
665 2385 902 2464 interjectiones
925 2395 956 2448 et
978 2387 1036 2448 alia
1056 2401 1084 2446 lo

105 2495 213 2555 multa.
222 2494 361 2557 Ornativa
370 2513 441 2556 vero
452 2495 577 2555 dicimus
592 2495 692 2555 omnia
704 2494 893 2572 polisyllaba,
907 2514 974 2571 quae
983 2494 1036 2553 mi·

104 2605 157 2661 xta
172 2618 242 2660 cum
255 2602 339 2680 pexis
357 2601 514 2680 pulchram
527 2599 641 2661 faciunt
655 2599 823 2659 armoniam
837 2598 1037 2676 compaginis,

105 2705 242 2783 quamvis
264 2707 459 2784 asperitatem
478 2707 613 2768 habeant
636 2702 857 2781 adspirationis,
882 2709 910 2764 et
933 2723 1036 2766 accen·

107 2819 167 2885 tus,
194 2817 225 2873 et
252 2811 427 2890 duplicium,
452 2817 481 2871 et
508 2809 701 2888 liquidarum,
729 2813 759 2868 et
785 2807 975 2885 prolixitatis,
1004 2815 1037 2869 ut

110 2921 216 2999 Terrd,
241 2921 363 2999 honore,
389 2939 503 2997 spezza
522 2918 676 2996 pravitate,
698 2914 840 2988 alleviato,
860 2912 1037 2988 impossibili·
1058 2923 1084 2967 45

105 3033 179 3104 tate,
198 3027 533 3102 bamvvmturatiostrrw,
554 3020 923 3095 areenturaasimanana,
945 3019 1036 3079 desur-

106 3137 439 3211 oeaturatieeimomente,
458 3128 931 3208 souamapntficenttasirnameate,
957 3129 1048 3204 quod'

108 3243 351 3321 endecasyllabum
366 3245 422 3300 est.
436 3240 543 3300 Posset
556 3237 654 3298 adhuc
670 3233 793 3295 inveniri
807 3232 936 3312 plurium
950 3234 1035 3310 sylla-

20 3373 21 3383 *
108 3343 215 3404 barum
237 3345 430 3416 vocabulum,
449 3343 510 3404 sive
526 3343 664 3415 verbum,
684 3343 737 3402 sed
754 3340 824 3419 quia
839 3341 1037 3420 capacitatem

21 3425 23 3469 ²
110 3455 282 3512 nostrorum
312 3451 448 3512 omnium
481 3449 649 3512 carminum
675 3447 900 3526 superexcedit,
930 3446 1038 3508 rationi
1057 3459 1085 3503 so

110 3558 247 3634 prasenti
263 3577 327 3619 non
344 3556 460 3618 ridetur
477 3556 654 3629 obnoxium,
672 3557 748 3617 sicul
769 3562 798 3616 et
820 3552 893 3613 illud
918 3551 1037 3623 Ouorr'fi·

182 3664 274 3719 Duxit,
293 3663 363 3719 Opere
376 3663 452 3706 latine.
809 3719 817 3734 Ι
917 3660 930 3698 5
