2590 4038
501 225 588 265 arnan
608 225 726 266 enruus.
1025 209 1076 266 alt

138 353 381 416 declarationem
402 355 568 433 adsumptae
588 352 809 434 propositionis,
832 349 870 415 ad
890 354 1076 434 propositum
1096 362 1125 408 ⁴⁰

139 461 185 524 sic
207 467 370 540 arguatur:
395 461 499 523 Omnis
524 462 676 521 concordio
701 460 849 538 dependet
876 461 914 519 ab
939 459 1072 534 Unitate,

139 585 211 646 quae
231 572 279 627 est
299 565 331 627 in
350 565 561 626 voluntatibus.
583 564 684 624 Genus
711 564 878 624 humanum
903 565 1014 642 optime
1042 584 1075 626 se

138 675 260 736 habens
277 679 324 736 est
344 676 483 752 quaedam
506 676 672 735 concordio:
693 691 765 733 nam
786 673 862 733 sicut
882 691 960 732 unus
985 673 1075 734 homo

139 779 256 860 optime
273 799 307 842 se
321 780 451 854 habens,
465 785 495 841 et
513 786 659 858 quantum
673 781 711 840 ad
725 779 870 852 animam,
885 785 915 838 et
929 785 1076 855 quantum

139 889 182 948 ad
199 906 330 966 corpus,
347 892 393 948 ast
409 889 562 948 momordic
579 888 729 964 quaedam;
747 892 777 947 et
798 885 932 948 similiter
952 886 1074 960 domus,
1094 897 1122 943 45

139 994 245 1056 civitas
271 1001 303 1055 et
322 1010 467 1071 regnum:
489 995 533 1056 sic
552 1000 649 1055 totum
673 995 774 1055 Genus
795 995 971 1054 humanum.
996 993 1074 1070 Ergo

37 1107 41 1116 '
139 1101 244 1162 Genus
258 1102 427 1162 humanum
440 1102 552 1180 optime
564 1121 597 1162 se
611 1102 739 1175 habens,
756 1101 793 1161 ab
809 1101 928 1162 Unitate
945 1117 1011 1178 quae
1028 1103 1075 1160 est

139 1207 174 1268 in
204 1208 405 1268 voluntatibus
435 1207 592 1285 dependet.
615 1206 675 1268 Sed
701 1208 758 1267 hoc
781 1225 848 1268 esse
875 1225 936 1267 non
961 1209 1072 1285 potest,

138 1311 199 1373 nisi
220 1311 258 1373 sit
282 1311 427 1373 Voluntas
450 1331 524 1387 una,
551 1312 672 1373 domina
698 1317 727 1373 et
753 1311 914 1389 regulatrix
939 1311 1073 1373 omnium

139 1421 269 1482 aliarum
294 1418 325 1480 in
344 1439 454 1481 unum:
476 1439 546 1480 cum
566 1419 738 1479 mortalium
758 1420 927 1480 voluntates
951 1423 1074 1496 propter
1094 1437 1123 1482 oo

138 1527 269 1588 blandas
285 1525 532 1603 concupiscentiae
552 1526 764 1586 delectationes
784 1524 935 1603 indigeant
952 1525 1072 1585 Direcli·
1133 1546 1143 1574 ν

139 1649 191 1705 vo,
205 1639 240 1692 ut
253 1629 284 1690 in
298 1631 399 1690 ultimo
411 1631 499 1690 docet
511 1631 705 1706 Philosophus
722 1630 760 1688 ad
773 1629 997 1691 Nicomachum.
1009 1631 1073 1692 Nec

137 1757 202 1800 una
217 1736 276 1798 isla
292 1742 392 1816 potest
411 1756 491 1810 esse,
512 1735 570 1797 nisi
595 1736 634 1796 sit
654 1736 796 1815 Princeps
821 1756 900 1797 unus
924 1737 1072 1813 omnium,

139 1846 226 1924 cujus
246 1844 393 1906 Voluntas
413 1843 535 1904 domina
556 1849 585 1904 et
604 1843 768 1920 regulatrIx
789 1843 916 1904 aliarum
938 1844 1073 1906 omnium

139 1972 210 2014 esse
234 1951 339 2032 possit.
364 1951 496 2026 Quodsi
518 1971 624 2012 omnes
650 1949 872 2029 consequentiae
899 1951 1069 2038 superiores
1091 1970 1118 2016 ⁵5

137 2076 218 2118 verae
238 2063 324 2129 sunt,
345 2056 427 2133 quod
448 2061 530 2117 sunt:
551 2076 676 2118 necesse
697 2063 757 2133 est,
778 2060 816 2121 ad
837 2059 950 2140 optime
973 2081 1007 2122 se
1021 2060 1071 2123 ha·

138 2165 212 2226 bere
230 2164 399 2224 humanum
416 2163 533 2238 Genus,
551 2165 741 2228 Monarclom
761 2187 829 2232 esse
845 2169 875 2231 in
896 2173 1022 2234 mundo:
1041 2175 1071 2234 et

137 2275 193 2347 pe'r
209 2287 413 2347 consequens,
430 2269 634 2332 Monarchiam
651 2273 689 2334 ad
706 2275 783 2336 bene
800 2295 867 2339 esse
886 2277 1000 2340 muudi.

493 2535 591 2599 Garun
611 2537 711 2598 XVIII.

210 2719 337 2764 Christum
350 2718 376 2762 ln
389 2718 538 2772 plenitudine
552 2718 669 2769 temports
683 2717 728 2759 sub
743 2718 850 2770 Augusto
863 2715 996 2760 Monarcha

494 2794 575 2837 'nasci
588 2795 702 2838 voluisse.

217 3005 394 3068 Rationibus
410 3008 551 3082 omnibus
568 3027 660 3087 supra
676 3007 792 3087 positis,
810 3006 993 3086 experientia
1009 3025 1069 3071 me·

134 3114 290 3176 morabilis
315 3119 486 3189 attestatum
511 3118 608 3174 status
631 3111 766 3173 videlicet
785 3109 863 3171 illius
883 3108 1068 3186 mortalium,

134 3205 228 3296 quem
244 3216 298 3278 Dei
314 3217 404 3278 Filius
421 3216 452 3277 in
470 3217 599 3278 salutem
615 3215 743 3277 hominis
761 3215 914 3278 hominem
931 3219 1068 3299 adsump-

134 3331 235 3401 turus,
248 3327 296 3387 vel
306 3326 484 3406 expectavit,
497 3326 543 3386 vel
557 3344 627 3387 cum
641 3323 732 3386 voluit
745 3324 810 3404 ipse
825 3324 977 3404 disposuit.
990 3326 1069 3386 Nam
1162 3404 1165 3410 ,

133 3436 160 3498 si
180 3457 199 3498 a
218 3437 307 3515 lapsu
326 3435 492 3514 primorum
512 3437 690 3508 Parentum,
715 3435 764 3513 qui
787 3435 993 3497 diverticulum
1014 3433 1103 3498 fuito

131 3539 226 3602 totius
254 3548 367 3602 nostrae
393 3542 608 3617 damnationis,
631 3539 840 3619 dispositiones
861 3541 1016 3602 hominum
1037 3545 1067 3602 et

242 3655 331 3708 Danae,
349 3657 418 3712 Opere
434 3659 510 3702 latine.
900 3656 929 3701 16
