2560 4022
231 184 267 240 36
503 193 540 234 ue
557 187 682 232 vomam
699 181 889 234 sooeuurvrm.

193 372 195 376 .
234 326 298 386 tini:
320 346 376 386 uec
394 345 454 385 nou
469 325 500 383 in
521 324 628 383 eadem
645 319 761 380 civitate
780 315 940 393 aliqualem
962 311 1158 373 variationem

233 431 456 511 perpendimus,
473 437 506 489 ut
523 425 659 504 superius
675 423 706 484 in
719 421 854 500 Capitulo
867 419 1039 478 immediato
1057 413 1156 493 posui·

235 559 311 600 mus·
332 539 519 615 Quapropter
538 533 562 596 si
583 531 710 612 primas,
733 539 772 594 et.
783 528 987 598 secundarius,
1004 533 1034 585 et
1053 524 1158 598 subse-

185 658 213 704 60
233 643 391 708 cundarias
404 641 538 720 Vulgaris
551 639 642 702 ltaliae
654 637 833 699 variationes
850 635 996 698 calculare
1015 631 1157 704 velimus,

232 753 263 813 iu
279 754 336 814 hoc
356 749 478 812 minimo
495 747 599 810 mundi
614 746 735 824 angulo,
753 765 814 806 non
831 744 930 804 solum
947 742 986 800 ad
1002 723 1157 800 millenam

233 859 372 936 Loquelae
398 854 591 916 variationem
617 851 717 914 venire
742 847 910 926 contigerit,
929 846 982 907 sed
1004 844 1093 906 etiarn
1118 843 1158 902 ad

233 961 327 1038 magis
344 960 431 1021 ultra.
501 959 504 966 '
1124 954 1126 958 ’

612 1230 709 1292 Crem
729 1228 780 1290 Xl.

267 1485 405 1530 Ostenditur
418 1485 494 1530 Itattae
508 1487 601 1540 aliquos
615 1485 705 1529 hahere
715 1483 809 1526 idioma
817 1483 966 1533 incomptum
975 1481 999 1522 et
1008 1479 1125 1530 ineptum.

312 1704 390 1764 Tam
402 1703 503 1764 multis
516 1703 707 1765 varietatibus
720 1702 824 1764 Latino
836 1703 1008 1763 dissonante
1018 1701 1152 1778 Vulgari,

233 1809 435 1872 decentiorem
454 1817 544 1906 atque
561 1809 709 1871 illustrem
721 1808 812 1870 ltaliae
824 1828 968 1870 venemur
984 1808 1154 1886 loquelam,

235 1923 265 1980 et
273 1923 306 1978 ut
318 1922 429 1978 nostrae
438 1915 587 1976 venationi
600 1916 735 1994 pervium
747 1915 853 1975 callem
863 1914 975 1975 habere
984 1913 1157 1992 possimne,

234 2023 392 2109 perplexos
419 2021 553 2093 frutices,
578 2026 669 2096 atque
691 2024 791 2082 sentes
821 2018 903 2098 prius
934 2017 1084 2098 ejiciamus
1118 2019 1157 2080 de

199 2146 212 2189 o
232 2133 315 2216 silva.
336 2133 418 2193 Sicut
438 2151 509 2208 ergo
529 2130 657 2192 Romani
677 2151 710 2192 se
727 2131 839 2192 cunctis
855 2131 1072 2210 praeponendos
1098 2129 1158 2190 exi-

233 2239 370 2312 stimant,
387 2237 418 2297 iu
437 2237 495 2298 hac
515 2237 713 2298 eradicatione
730 2237 791 2298 sive
808 2236 1005 2315 discerptione
1021 2254 1083 2296 non
1102 2233 1155 2293 im·

233 2344 339 2405 merito
364 2362 415 2404 eos
437 2342 500 2404 aliis
516 2361 739 2422 praeponamus,
765 2347 966 2420 protestantes
980 2340 1104 2402 eosdem
1126 2339 1157 2398 in

233 2446 316 2508 nulla
334 2445 470 2523 Vulgaris
490 2447 665 2523 eloquentiae
685 2448 799 2509 ratione
812 2448 876 2510 fore
892 2449 1066 2525 tangendos,
1085 2446 1157 2507 Dici·

232 2573 301 2616 mus
322 2573 392 2632 ergo
412 2553 619 2615 Romanorum
635 2576 695 2617 non
712 2557 854 2634 Vulgare,
876 2558 930 2618 sed
949 2555 1048 2634 potius
1069 2555 1156 2616 tristi·

185 2677 215 2722 10
232 2660 376 2737 loquium,
385 2661 706 2738 Italorumllulgarium
715 2663 849 2726 omnium
859 2681 926 2723 esse
933 2661 1154 2740 turpissimum:

232 2783 289 2826 uec
314 2764 438 2840 mirum,
463 2785 533 2827 oum
553 2766 644 2827 etiam
663 2786 797 2840 morum,
818 2766 1035 2845 habituumque
1056 2767 1152 2828 delor-

232 2869 336 2931 mitate
351 2890 413 2949 prae
425 2873 540 2942 cunctis
553 2871 709 2932 videantur
728 2873 846 2947 foetere;
868 2874 968 2935 dicunt
990 2874 1083 2935 euim:
1105 2875 1154 2934 Me

232 2995 313 3054 sure,
324 2978 420 3054 quinte
434 2977 502 3036 dici.
520 2979 592 3038 Post
607 2977 662 3037 hos
678 2977 790 3040 incolas
804 2979 999 3041 Anconitanae
1013 2980 1153 3040 Marchiae

232 3083 445 3160 decerpamus,
472 3085 522 3165 qui
544 3087 747 3164 ,Chipocmente
771 3091 857 3150 seinte
881 3095 953 3149 state
976 3090 1153 3166 loquuntur:

184 3209 209 3253 15
231 3207 302 3250 cum
311 3187 418 3265 quibus
428 3195 457 3249 et
466 3190 643 3268 Spoletanos
656 3194 827 3272 abjicimus:
841 3215 898 3257 nec
912 3196 1155 3275 praetereundum

233 3299 280 3356 est
299 3295 379 3370 quod
398 3294 430 3355 in
449 3295 663 3375 improperium
681 3300 808 3362 istarum
823 3303 914 3363 trium
930 3302 1064 3380 gentium
1080 3301 1155 3362 Gau·

231 3403 328 3464 tiones
356 3405 572 3483 quamplures
596 3405 723 3468 inventae
748 3413 832 3484 sunt,
856 3408 934 3470 inter
960 3427 1035 3486 quas
1062 3424 1156 3469 unam

233 3508 359 3570 vidimus
385 3515 479 3586 recte,
503 3515 593 3590 atque
612 3512 742 3590 perfecte
762 3511 895 3590 ligatam:
918 3533 1009 3592 quam
1032 3514 1154 3591 quidam
