<?xml version="1.0" encoding="UTF-8"?>
<!DOCTYPE html PUBLIC "-//W3C//DTD XHTML 1.0 Transitional//EN"
    "http://www.w3.org/TR/xhtml1/DTD/xhtml1-transitional.dtd">
<html xmlns="http://www.w3.org/1999/xhtml" xml:lang="en" lang="en">
 <head>
  <title>
</title>
<meta http-equiv="Content-Type" content="text/html;charset=utf-8" />
  <meta name='ocr-system' content='tesseract 3.04.00' />
  <meta name='ocr-capabilities' content='ocr_page ocr_carea ocr_par ocr_line ocrx_word'/>
</head>
<body>
  <div class='ocr_page' id='page_1' title='image "./operelatine00giulgoog_0316.png"; bbox 0 0 2578 4038; ppageno 0'>
   <div class='ocr_carea' id='block_1_1' title="bbox 475 255 1054 318">
    <p class='ocr_par' dir='ltr' id='par_1_1' title="bbox 475 255 1054 318">
     <span class='ocr_line' id='line_1_1' title="bbox 475 255 1054 318; baseline -0.01 -2"><span class='ocrx_word' id='word_1_1' title='bbox 475 277 560 317; x_wconf 71' lang='lat' dir='ltr'><strong>arnan</strong></span> <span class='ocrx_word' id='word_1_2' title='bbox 578 275 711 318; x_wconf 80' lang='lat' dir='ltr'><strong>rannus.</strong></span> <span class='ocrx_word' id='word_1_3' title='bbox 1002 255 1054 313; x_wconf 78' lang='lat'><strong>297</strong></span> 
     </span>
    </p>
   </div>
   <div class='ocr_carea' id='block_1_2' title="bbox 113 403 1163 3685">
    <p class='ocr_par' dir='ltr' id='par_1_2' title="bbox 113 403 1105 2720">
     <span class='ocr_line' id='line_1_2' title="bbox 113 403 1101 486; baseline -0.008 -15"><span class='ocrx_word' id='word_1_4' title='bbox 113 429 195 471; x_wconf 90' lang='lat' dir='ltr'><strong>esse</strong></span> <span class='ocrx_word' id='word_1_5' title='bbox 210 408 323 470; x_wconf 89' lang='lat' dir='ltr'><strong>licitam</strong></span> <span class='ocrx_word' id='word_1_6' title='bbox 339 407 498 486; x_wconf 79' lang='lat' dir='ltr'><strong>requiritur</strong></span> <span class='ocrx_word' id='word_1_7' title='bbox 515 406 668 486; x_wconf 82' lang='lat' dir='ltr'><strong>dispositio</strong></span> <span class='ocrx_word' id='word_1_8' title='bbox 685 403 878 478; x_wconf 86' lang='lat' dir='ltr'><strong>conferentis,</strong></span> <span class='ocrx_word' id='word_1_9' title='bbox 894 403 1053 465; x_wconf 87' lang='lat' dir='ltr'><strong>sedetiam</strong></span> <span class='ocrx_word' id='word_1_10' title='bbox 1074 411 1101 456; x_wconf 78' lang='lat'><strong>⁷⁵</strong></span> 
     </span>
     <span class='ocr_line' id='line_1_3' title="bbox 114 511 1052 594; baseline -0.005 -16"><span class='ocrx_word' id='word_1_11' title='bbox 114 518 204 594; x_wconf 85' lang='lat' dir='ltr'><strong>ejus,</strong></span> <span class='ocrx_word' id='word_1_12' title='bbox 226 515 273 576; x_wconf 88' lang='lat' dir='ltr'><strong>cui</strong></span> <span class='ocrx_word' id='word_1_13' title='bbox 299 515 460 576; x_wconf 79' lang='lat' dir='ltr'><strong>confertur.</strong></span> <span class='ocrx_word' id='word_1_14' title='bbox 484 513 607 575; x_wconf 89' lang='lat' dir='ltr'><strong>Videtur</strong></span> <span class='ocrx_word' id='word_1_15' title='bbox 627 513 708 574; x_wconf 83' lang='lat' dir='ltr'><strong>eninr</strong></span> <span class='ocrx_word' id='word_1_16' title='bbox 723 513 753 573; x_wconf 91' lang='lat' dir='ltr'><strong>in</strong></span> <span class='ocrx_word' id='word_1_17' title='bbox 765 515 892 590; x_wconf 77' lang='lat' dir='ltr'><strong>patiente</strong></span> <span class='ocrx_word' id='word_1_18' title='bbox 908 511 1052 589; x_wconf 91' lang='lat' dir='ltr'><strong>disposito</strong></span> 
     </span>
     <span class='ocr_line' id='line_1_4' title="bbox 114 619 1054 697; baseline -0.004 -13"><span class='ocrx_word' id='word_1_19' title='bbox 114 625 210 684; x_wconf 88' lang='lat' dir='ltr'><strong>actus</strong></span> <span class='ocrx_word' id='word_1_20' title='bbox 224 623 391 684; x_wconf 81' lang='lat' dir='ltr'><strong>activorum</strong></span> <span class='ocrx_word' id='word_1_21' title='bbox 404 621 513 683; x_wconf 89' lang='lat' dir='ltr'><strong>inesse.</strong></span> <span class='ocrx_word' id='word_1_22' title='bbox 531 621 591 683; x_wconf 89' lang='lat' dir='ltr'><strong>Sed</strong></span> <span class='ocrx_word' id='word_1_23' title='bbox 605 621 736 682; x_wconf 83' lang='lat' dir='ltr'><strong>Ecclesia</strong></span> <span class='ocrx_word' id='word_1_24' title='bbox 747 620 868 682; x_wconf 90' lang='lat' dir='ltr'><strong>omnino</strong></span> <span class='ocrx_word' id='word_1_25' title='bbox 878 619 1054 697; x_wconf 83' lang='lat' dir='ltr'><strong>indisposita</strong></span> 
     </span>
     <span class='ocr_line' id='line_1_5' title="bbox 114 719 1059 808; baseline 0.002 -21"><span class='ocrx_word' id='word_1_26' title='bbox 114 736 189 787; x_wconf 89' lang='lat' dir='ltr'><strong>erat</strong></span> <span class='ocrx_word' id='word_1_27' title='bbox 211 728 251 787; x_wconf 90' lang='lat' dir='ltr'><strong>ad</strong></span> <span class='ocrx_word' id='word_1_28' title='bbox 272 725 449 803; x_wconf 87' lang='lat' dir='ltr'><strong>temporalia</strong></span> <span class='ocrx_word' id='word_1_29' title='bbox 471 727 652 805; x_wconf 86' lang='lat' dir='ltr'><strong>recipienda,</strong></span> <span class='ocrx_word' id='word_1_30' title='bbox 676 747 730 807; x_wconf 89' lang='lat' dir='ltr'><strong>per</strong></span> <span class='ocrx_word' id='word_1_31' title='bbox 750 734 935 808; x_wconf 88' lang='lat' dir='ltr'><strong>praeceptum</strong></span> <span class='ocrx_word' id='word_1_32' title='bbox 957 719 1059 806; x_wconf 56' lang='lat' dir='ltr'><strong>prohi?</strong></span> 
     </span>
     <span class='ocr_line' id='line_1_6' title="bbox 117 817 1105 914; baseline 0.002 -20"><span class='ocrx_word' id='word_1_33' title='bbox 117 834 252 900; x_wconf 85' lang='lat' dir='ltr'><strong>bitivum</strong></span> <span class='ocrx_word' id='word_1_34' title='bbox 278 851 470 911; x_wconf 87' lang='lat' dir='ltr'><strong>expressum,</strong></span> <span class='ocrx_word' id='word_1_35' title='bbox 498 842 530 895; x_wconf 90' lang='lat' dir='ltr'><strong>ut</strong></span> <span class='ocrx_word' id='word_1_36' title='bbox 554 833 702 895; x_wconf 86' lang='lat' dir='ltr'><strong>habemus</strong></span> <span class='ocrx_word' id='word_1_37' title='bbox 724 855 779 914; x_wconf 89' lang='lat' dir='ltr'><strong>per</strong></span> <span class='ocrx_word' id='word_1_38' title='bbox 796 835 971 897; x_wconf 88' lang='lat' dir='ltr'><strong>Matthaeum</strong></span> <span class='ocrx_word' id='word_1_39' title='bbox 994 834 1051 896; x_wconf 90' lang='lat' dir='ltr'><strong>sic:</strong></span> <span class='ocrx_word' id='word_1_40' title='bbox 1102 817 1105 826; x_wconf 33' lang='grc' dir='ltr'>Ι</span> 
     </span>
     <span class='ocr_line' id='line_1_7' title="bbox 116 942 1102 1022; baseline -0.002 -22"><span class='ocrx_word' id='word_1_41' title='bbox 116 942 225 1001; x_wconf 83' lang='lat' dir='ltr'><strong>Nolite</strong></span> <span class='ocrx_word' id='word_1_42' title='bbox 240 943 390 1018; x_wconf 78' lang='lat' dir='ltr'><strong>possidere</strong></span> <span class='ocrx_word' id='word_1_43' title='bbox 410 961 533 1020; x_wconf 79' lang='lat' dir='ltr'><strong>aarum,</strong></span> <span class='ocrx_word' id='word_1_44' title='bbox 558 962 645 1020; x_wconf 79' lang='lat' dir='ltr'><strong>neque</strong></span> <span class='ocrx_word' id='word_1_45' title='bbox 669 950 833 1022; x_wconf 75' lang='lat' dir='ltr'><strong>arpentum,</strong></span> <span class='ocrx_word' id='word_1_46' title='bbox 859 963 946 1020; x_wconf 80' lang='lat' dir='ltr'><strong>neque</strong></span> <span class='ocrx_word' id='word_1_47' title='bbox 965 961 1050 1020; x_wconf 81' lang='lat' dir='ltr'><strong>pecu·</strong></span> <span class='ocrx_word' id='word_1_48' title='bbox 1073 953 1102 998; x_wconf 87' lang='lat'><strong>80</strong></span> 
     </span>
     <span class='ocr_line' id='line_1_8' title="bbox 117 1047 1054 1125; baseline 0.003 -20"><span class='ocrx_word' id='word_1_49' title='bbox 117 1049 210 1106; x_wconf 83' lang='lat' dir='ltr'><strong>niam</strong></span> <span class='ocrx_word' id='word_1_50' title='bbox 226 1047 259 1106; x_wconf 79' lang='lat' dir='ltr'><strong>in</strong></span> <span class='ocrx_word' id='word_1_51' title='bbox 273 1049 354 1106; x_wconf 79' lang='lat' dir='ltr'><strong>zonis</strong></span> <span class='ocrx_word' id='word_1_52' title='bbox 370 1049 485 1125; x_wconf 76' lang='lat' dir='ltr'><strong>vestris,</strong></span> <span class='ocrx_word' id='word_1_53' title='bbox 505 1067 563 1107; x_wconf 73' lang='lat' dir='ltr'><strong>nort</strong></span> <span class='ocrx_word' id='word_1_54' title='bbox 576 1067 681 1124; x_wconf 81' lang='lat' dir='ltr'><strong>peram</strong></span> <span class='ocrx_word' id='word_1_55' title='bbox 700 1050 732 1108; x_wconf 81' lang='lat' dir='ltr'><strong>iu</strong></span> <span class='ocrx_word' id='word_1_56' title='bbox 747 1051 807 1123; x_wconf 77' lang='lat' dir='ltr'><strong>oio,</strong></span> <span class='ocrx_word' id='word_1_57' title='bbox 830 1053 885 1108; x_wconf 91' lang='lat' dir='ltr'><strong>etc.</strong></span> <span class='ocrx_word' id='word_1_58' title='bbox 902 1048 981 1108; x_wconf 90' lang='lat' dir='ltr'><strong>Nam</strong></span> <span class='ocrx_word' id='word_1_59' title='bbox 998 1047 1054 1108; x_wconf 90' lang='lat' dir='ltr'><strong>etsi</strong></span> 
     </span>
     <span class='ocr_line' id='line_1_9' title="bbox 119 1153 1077 1242; baseline 0.004 -30"><span class='ocrx_word' id='word_1_60' title='bbox 119 1172 182 1231; x_wconf 88' lang='lat' dir='ltr'><strong>per</strong></span> <span class='ocrx_word' id='word_1_61' title='bbox 197 1153 315 1212; x_wconf 84' lang='lat' dir='ltr'><strong>Lucam</strong></span> <span class='ocrx_word' id='word_1_62' title='bbox 335 1153 482 1214; x_wconf 91' lang='lat' dir='ltr'><strong>habemus</strong></span> <span class='ocrx_word' id='word_1_63' title='bbox 504 1153 720 1215; x_wconf 84' lang='lat' dir='ltr'><strong>relaxationem</strong></span> <span class='ocrx_word' id='word_1_64' title='bbox 737 1155 889 1234; x_wconf 86' lang='lat' dir='ltr'><strong>praecepti,</strong></span> <span class='ocrx_word' id='word_1_65' title='bbox 908 1160 1055 1233; x_wconf 89' lang='lat' dir='ltr'><strong>quantum</strong></span> <span class='ocrx_word' id='word_1_66' title='bbox 1074 1235 1077 1242; x_wconf 17' lang='grc' dir='ltr'>Α</span> 
     </span>
     <span class='ocr_line' id='line_1_10' title="bbox 115 1260 1053 1340; baseline 0.001 -20"><span class='ocrx_word' id='word_1_67' title='bbox 115 1262 162 1321; x_wconf 91' lang='lat' dir='ltr'><strong>ad</strong></span> <span class='ocrx_word' id='word_1_68' title='bbox 186 1261 343 1338; x_wconf 83' lang='lat' dir='ltr'><strong>quaedam3</strong></span> <span class='ocrx_word' id='word_1_69' title='bbox 361 1261 401 1320; x_wconf 90' lang='lat' dir='ltr'><strong>ad</strong></span> <span class='ocrx_word' id='word_1_70' title='bbox 424 1260 648 1338; x_wconf 88' lang='lat' dir='ltr'><strong>possessionem</strong></span> <span class='ocrx_word' id='word_1_71' title='bbox 669 1268 770 1322; x_wconf 86' lang='lat' dir='ltr'><strong>tamen</strong></span> <span class='ocrx_word' id='word_1_72' title='bbox 787 1263 853 1323; x_wconf 89' lang='lat' dir='ltr'><strong>auri</strong></span> <span class='ocrx_word' id='word_1_73' title='bbox 874 1268 903 1322; x_wconf 91' lang='lat' dir='ltr'><strong>et</strong></span> <span class='ocrx_word' id='word_1_74' title='bbox 924 1261 1053 1340; x_wconf 81' lang='lat' dir='ltr'><strong>argenti,</strong></span> 
     </span>
     <span class='ocr_line' id='line_1_11' title="bbox 117 1363 1054 1445; baseline 0.001 -18"><span class='ocrx_word' id='word_1_75' title='bbox 117 1366 311 1427; x_wconf 89' lang='lat' dir='ltr'><strong>licentiatam</strong></span> <span class='ocrx_word' id='word_1_76' title='bbox 325 1363 492 1426; x_wconf 86' lang='lat' dir='ltr'><strong>Ecclesiam</strong></span> <span class='ocrx_word' id='word_1_77' title='bbox 505 1374 573 1444; x_wconf 86' lang='lat' dir='ltr'><strong>post</strong></span> <span class='ocrx_word' id='word_1_78' title='bbox 587 1366 817 1445; x_wconf 87' lang='lat' dir='ltr'><strong>prohibitionem</strong></span> <span class='ocrx_word' id='word_1_79' title='bbox 830 1368 911 1428; x_wconf 91' lang='lat' dir='ltr'><strong>illam</strong></span> <span class='ocrx_word' id='word_1_80' title='bbox 923 1367 1054 1428; x_wconf 88' lang='lat' dir='ltr'><strong>invenire</strong></span> 
     </span>
     <span class='ocr_line' id='line_1_12' title="bbox 120 1471 1102 1550; baseline -0.001 -18"><span class='ocrx_word' id='word_1_81' title='bbox 120 1492 188 1533; x_wconf 90' lang='lat' dir='ltr'><strong>non</strong></span> <span class='ocrx_word' id='word_1_82' title='bbox 206 1473 300 1550; x_wconf 90' lang='lat' dir='ltr'><strong>potui.</strong></span> <span class='ocrx_word' id='word_1_83' title='bbox 316 1473 415 1544; x_wconf 84' lang='lat' dir='ltr'><strong>Quare</strong></span> <span class='ocrx_word' id='word_1_84' title='bbox 432 1472 458 1532; x_wconf 91' lang='lat' dir='ltr'><strong>si</strong></span> <span class='ocrx_word' id='word_1_85' title='bbox 471 1471 605 1532; x_wconf 85' lang='lat' dir='ltr'><strong>Ecclesia</strong></span> <span class='ocrx_word' id='word_1_86' title='bbox 618 1472 750 1548; x_wconf 89' lang='lat' dir='ltr'><strong>recipere</strong></span> <span class='ocrx_word' id='word_1_87' title='bbox 765 1491 826 1531; x_wconf 91' lang='lat' dir='ltr'><strong>non</strong></span> <span class='ocrx_word' id='word_1_88' title='bbox 839 1479 969 1549; x_wconf 90' lang='lat' dir='ltr'><strong>poterat,</strong></span> <span class='ocrx_word' id='word_1_89' title='bbox 985 1473 1055 1532; x_wconf 90' lang='lat' dir='ltr'><strong>dato</strong></span> <span class='ocrx_word' id='word_1_90' title='bbox 1076 1488 1102 1532; x_wconf 80' lang='lat'><strong>85</strong></span> 
     </span>
     <span class='ocr_line' id='line_1_13' title="bbox 119 1576 1055 1656; baseline -0.001 -18"><span class='ocrx_word' id='word_1_91' title='bbox 119 1579 207 1656; x_wconf 88' lang='lat' dir='ltr'><strong>quod</strong></span> <span class='ocrx_word' id='word_1_92' title='bbox 222 1577 437 1639; x_wconf 85' lang='lat' dir='ltr'><strong>Constantinus</strong></span> <span class='ocrx_word' id='word_1_93' title='bbox 454 1579 512 1638; x_wconf 92' lang='lat' dir='ltr'><strong>hoc</strong></span> <span class='ocrx_word' id='word_1_94' title='bbox 528 1577 627 1638; x_wconf 84' lang='lat' dir='ltr'><strong>lacere</strong></span> <span class='ocrx_word' id='word_1_95' title='bbox 644 1577 790 1654; x_wconf 90' lang='lat' dir='ltr'><strong>potuisset</strong></span> <span class='ocrx_word' id='word_1_96' title='bbox 806 1579 844 1637; x_wconf 92' lang='lat' dir='ltr'><strong>de</strong></span> <span class='ocrx_word' id='word_1_97' title='bbox 858 1596 908 1650; x_wconf 89' lang='lat' dir='ltr'><strong>se;</strong></span> <span class='ocrx_word' id='word_1_98' title='bbox 923 1576 999 1637; x_wconf 90' lang='lat' dir='ltr'><strong>actio</strong></span> <span class='ocrx_word' id='word_1_99' title='bbox 1013 1585 1055 1637; x_wconf 90' lang='lat' dir='ltr'><strong>ta·</strong></span> 
     </span>
     <span class='ocr_line' id='line_1_14' title="bbox 119 1684 1055 1765; baseline 0 -19"><span class='ocrx_word' id='word_1_100' title='bbox 119 1705 196 1747; x_wconf 89' lang='lat' dir='ltr'><strong>men</strong></span> <span class='ocrx_word' id='word_1_101' title='bbox 214 1685 266 1747; x_wconf 88' lang='lat' dir='ltr'><strong>illa</strong></span> <span class='ocrx_word' id='word_1_102' title='bbox 282 1705 344 1746; x_wconf 93' lang='lat' dir='ltr'><strong>non</strong></span> <span class='ocrx_word' id='word_1_103' title='bbox 363 1692 426 1748; x_wconf 88' lang='lat' dir='ltr'><strong>erat</strong></span> <span class='ocrx_word' id='word_1_104' title='bbox 442 1686 608 1765; x_wconf 89' lang='lat' dir='ltr'><strong>possibilis,</strong></span> <span class='ocrx_word' id='word_1_105' title='bbox 626 1691 748 1764; x_wconf 90' lang='lat' dir='ltr'><strong>propter</strong></span> <span class='ocrx_word' id='word_1_106' title='bbox 768 1684 906 1763; x_wconf 88' lang='lat' dir='ltr'><strong>patientis</strong></span> <span class='ocrx_word' id='word_1_107' title='bbox 926 1685 1055 1763; x_wconf 89' lang='lat' dir='ltr'><strong>indispo-</strong></span> 
     </span>
     <span class='ocr_line' id='line_1_15' title="bbox 125 1789 1055 1870; baseline -0.008 -14"><span class='ocrx_word' id='word_1_108' title='bbox 125 1793 280 1856; x_wconf 85' lang='lat' dir='ltr'><strong>sitioncm.</strong></span> <span class='ocrx_word' id='word_1_109' title='bbox 302 1791 388 1852; x_wconf 83' lang='lat' dir='ltr'><strong>Patet</strong></span> <span class='ocrx_word' id='word_1_110' title='bbox 411 1791 511 1870; x_wconf 85' lang='lat' dir='ltr'><strong>igitur,</strong></span> <span class='ocrx_word' id='word_1_111' title='bbox 531 1793 611 1869; x_wconf 86' lang='lat' dir='ltr'><strong>quod</strong></span> <span class='ocrx_word' id='word_1_112' title='bbox 631 1810 687 1851; x_wconf 90' lang='lat' dir='ltr'><strong>nec</strong></span> <span class='ocrx_word' id='word_1_113' title='bbox 703 1793 831 1852; x_wconf 78' lang='lat' dir='ltr'><strong>Ecclesia</strong></span> <span class='ocrx_word' id='word_1_114' title='bbox 847 1789 980 1868; x_wconf 87' lang='lat' dir='ltr'><strong>recipere</strong></span> <span class='ocrx_word' id='word_1_115' title='bbox 1000 1810 1055 1868; x_wconf 92' lang='lat' dir='ltr'><strong>per</strong></span> 
     </span>
     <span class='ocr_line' id='line_1_16' title="bbox 121 1895 1055 1977; baseline -0.007 -15"><span class='ocrx_word' id='word_1_116' title='bbox 121 1903 255 1961; x_wconf 90' lang='lat' dir='ltr'><strong>modum</strong></span> <span class='ocrx_word' id='word_1_117' title='bbox 268 1898 481 1977; x_wconf 88' lang='lat' dir='ltr'><strong>possessionis,</strong></span> <span class='ocrx_word' id='word_1_118' title='bbox 497 1917 554 1958; x_wconf 92' lang='lat' dir='ltr'><strong>nec</strong></span> <span class='ocrx_word' id='word_1_119' title='bbox 566 1897 616 1958; x_wconf 92' lang='lat' dir='ltr'><strong>ille</strong></span> <span class='ocrx_word' id='word_1_120' title='bbox 630 1897 766 1972; x_wconf 87' lang='lat' dir='ltr'><strong>conlerre</strong></span> <span class='ocrx_word' id='word_1_121' title='bbox 781 1917 835 1975; x_wconf 87' lang='lat' dir='ltr'><strong>per</strong></span> <span class='ocrx_word' id='word_1_122' title='bbox 849 1897 974 1957; x_wconf 89' lang='lat' dir='ltr'><strong>modum</strong></span> <span class='ocrx_word' id='word_1_123' title='bbox 988 1895 1055 1956; x_wconf 90' lang='lat' dir='ltr'><strong>alie·</strong></span> 
     </span>
     <span class='ocr_line' id='line_1_17' title="bbox 124 2003 1104 2084; baseline -0.004 -17"><span class='ocrx_word' id='word_1_124' title='bbox 124 2005 261 2067; x_wconf 88' lang='lat' dir='ltr'><strong>nationis</strong></span> <span class='ocrx_word' id='word_1_125' title='bbox 280 2009 407 2083; x_wconf 85' lang='lat' dir='ltr'><strong>poterat.</strong></span> <span class='ocrx_word' id='word_1_126' title='bbox 429 2005 551 2065; x_wconf 89' lang='lat' dir='ltr'><strong>Poterat</strong></span> <span class='ocrx_word' id='word_1_127' title='bbox 568 2013 670 2066; x_wconf 87' lang='lat' dir='ltr'><strong>tamen</strong></span> <span class='ocrx_word' id='word_1_128' title='bbox 690 2004 853 2084; x_wconf 79' lang='lat' dir='ltr'><strong>Imperator</strong></span> <span class='ocrx_word' id='word_1_129' title='bbox 874 2004 905 2065; x_wconf 91' lang='lat' dir='ltr'><strong>in</strong></span> <span class='ocrx_word' id='word_1_130' title='bbox 931 2003 1055 2083; x_wconf 88' lang='lat' dir='ltr'><strong>patroci-</strong></span> <span class='ocrx_word' id='word_1_131' title='bbox 1075 2019 1104 2063; x_wconf 86' lang='lat'><strong>90</strong></span> 
     </span>
     <span class='ocr_line' id='line_1_18' title="bbox 125 2110 1056 2191; baseline -0.006 -16"><span class='ocrx_word' id='word_1_132' title='bbox 125 2115 215 2176; x_wconf 89' lang='lat' dir='ltr'><strong>nium</strong></span> <span class='ocrx_word' id='word_1_133' title='bbox 235 2115 368 2174; x_wconf 75' lang='lat' dir='ltr'><strong>Ecclesiae</strong></span> <span class='ocrx_word' id='word_1_134' title='bbox 393 2111 605 2191; x_wconf 91' lang='lat' dir='ltr'><strong>patrimonium</strong></span> <span class='ocrx_word' id='word_1_135' title='bbox 622 2117 651 2172; x_wconf 91' lang='lat' dir='ltr'><strong>et</strong></span> <span class='ocrx_word' id='word_1_136' title='bbox 674 2111 732 2172; x_wconf 87' lang='lat' dir='ltr'><strong>alia</strong></span> <span class='ocrx_word' id='word_1_137' title='bbox 753 2113 910 2190; x_wconf 88' lang='lat' dir='ltr'><strong>deputare,</strong></span> <span class='ocrx_word' id='word_1_138' title='bbox 929 2110 1056 2170; x_wconf 89' lang='lat' dir='ltr'><strong>immoto</strong></span> 
     </span>
     <span class='ocr_line' id='line_1_19' title="bbox 122 2201 1056 2296; baseline -0.002 -16"><span class='ocrx_word' id='word_1_139' title='bbox 122 2237 250 2296; x_wconf 88' lang='lat' dir='ltr'><strong>semper</strong></span> <span class='ocrx_word' id='word_1_140' title='bbox 266 2217 413 2295; x_wconf 87' lang='lat' dir='ltr'><strong>superiori</strong></span> <span class='ocrx_word' id='word_1_141' title='bbox 430 2215 572 2290; x_wconf 91' lang='lat' dir='ltr'><strong>dominio,</strong></span> <span class='ocrx_word' id='word_1_142' title='bbox 592 2201 677 2294; x_wconf 85' lang='lat' dir='ltr'><strong>cujus</strong></span> <span class='ocrx_word' id='word_1_143' title='bbox 691 2218 790 2279; x_wconf 88' lang='lat' dir='ltr'><strong>unitas</strong></span> <span class='ocrx_word' id='word_1_144' title='bbox 805 2213 985 2280; x_wconf 84' lang='lat' dir='ltr'><strong>divisionem</strong></span> <span class='ocrx_word' id='word_1_145' title='bbox 994 2235 1056 2279; x_wconf 91' lang='lat' dir='ltr'><strong>non</strong></span> 
     </span>
     <span class='ocr_line' id='line_1_20' title="bbox 124 2323 1057 2405; baseline -0.001 -19"><span class='ocrx_word' id='word_1_146' title='bbox 124 2326 249 2405; x_wconf 87' lang='lat' dir='ltr'><strong>patitur.</strong></span> <span class='ocrx_word' id='word_1_147' title='bbox 266 2323 389 2385; x_wconf 88' lang='lat' dir='ltr'><strong>Poterat</strong></span> <span class='ocrx_word' id='word_1_148' title='bbox 404 2331 433 2384; x_wconf 90' lang='lat' dir='ltr'><strong>et</strong></span> <span class='ocrx_word' id='word_1_149' title='bbox 448 2323 582 2384; x_wconf 89' lang='lat' dir='ltr'><strong>Vicarius</strong></span> <span class='ocrx_word' id='word_1_150' title='bbox 600 2324 655 2384; x_wconf 91' lang='lat' dir='ltr'><strong>Dei</strong></span> <span class='ocrx_word' id='word_1_151' title='bbox 669 2325 817 2404; x_wconf 91' lang='lat' dir='ltr'><strong>recipere,</strong></span> <span class='ocrx_word' id='word_1_152' title='bbox 832 2345 893 2386; x_wconf 91' lang='lat' dir='ltr'><strong>non</strong></span> <span class='ocrx_word' id='word_1_153' title='bbox 909 2331 1057 2401; x_wconf 88' lang='lat' dir='ltr'><strong>tanquam</strong></span> 
     </span>
     <span class='ocr_line' id='line_1_21' title="bbox 126 2418 1056 2510; baseline 0.002 -20"><span class='ocrx_word' id='word_1_154' title='bbox 126 2449 289 2510; x_wconf 90' lang='lat' dir='ltr'><strong>possessor</strong></span> <span class='ocrx_word' id='word_1_155' title='bbox 297 2474 314 2502; x_wconf 78' lang='grc'><strong>,,</strong></span> <span class='ocrx_word' id='word_1_156' title='bbox 323 2431 376 2490; x_wconf 87' lang='lat' dir='ltr'><strong>scd</strong></span> <span class='ocrx_word' id='word_1_157' title='bbox 395 2435 540 2506; x_wconf 88' lang='lat' dir='ltr'><strong>tanquam</strong></span> <span class='ocrx_word' id='word_1_158' title='bbox 556 2429 707 2488; x_wconf 86' lang='lat' dir='ltr'><strong>fructuum</strong></span> <span class='ocrx_word' id='word_1_159' title='bbox 722 2448 777 2505; x_wconf 93' lang='lat' dir='ltr'><strong>pro</strong></span> <span class='ocrx_word' id='word_1_160' title='bbox 793 2418 927 2491; x_wconf 73' lang='lat' dir='ltr'><strong>Ecclesia</strong></span> <span class='ocrx_word' id='word_1_161' title='bbox 940 2451 1056 2509; x_wconf 87' lang='lat' dir='ltr'><strong>proque</strong></span> 
     </span>
     <span class='ocr_line' id='line_1_22' title="bbox 126 2532 1102 2614; baseline -0.003 -16"><span class='ocrx_word' id='word_1_162' title='bbox 126 2534 241 2598; x_wconf 75' lang='lat' dir='ltr'><strong>christi</strong></span> <span class='ocrx_word' id='word_1_163' title='bbox 255 2533 437 2614; x_wconf 87' lang='lat' dir='ltr'><strong>pauperibus</strong></span> <span class='ocrx_word' id='word_1_164' title='bbox 450 2533 656 2610; x_wconf 81' lang='lat' dir='ltr'><strong>dispensator3</strong></span> <span class='ocrx_word' id='word_1_165' title='bbox 673 2534 753 2609; x_wconf 89' lang='lat' dir='ltr'><strong>quod</strong></span> <span class='ocrx_word' id='word_1_166' title='bbox 770 2533 929 2609; x_wconf 86' lang='lat' dir='ltr'><strong>Apostolos</strong></span> <span class='ocrx_word' id='word_1_167' title='bbox 947 2532 1054 2593; x_wconf 88' lang='lat' dir='ltr'><strong>fecisse</strong></span> <span class='ocrx_word' id='word_1_168' title='bbox 1075 2551 1102 2595; x_wconf 80' lang='lat'><strong>95</strong></span> 
     </span>
     <span class='ocr_line' id='line_1_23' title="bbox 127 2641 371 2720; baseline -0.016 -16"><span class='ocrx_word' id='word_1_169' title='bbox 127 2663 192 2704; x_wconf 91' lang='lat' dir='ltr'><strong>non</strong></span> <span class='ocrx_word' id='word_1_170' title='bbox 208 2641 371 2720; x_wconf 82' lang='lat' dir='ltr'><strong>ignoratur.</strong></span> 
     </span>
    </p>

    <p class='ocr_par' dir='ltr' id='par_1_3' title="bbox 128 2727 1163 3685">
     <span class='ocr_line' id='line_1_24' title="bbox 212 2727 1056 2823; baseline -0.006 -15"><span class='ocrx_word' id='word_1_171' title='bbox 212 2749 319 2809; x_wconf 90' lang='lat' dir='ltr'><strong>Adhuc</strong></span> <span class='ocrx_word' id='word_1_172' title='bbox 336 2748 452 2820; x_wconf 90' lang='lat' dir='ltr'><strong>dicunt,</strong></span> <span class='ocrx_word' id='word_1_173' title='bbox 469 2747 549 2823; x_wconf 88' lang='lat' dir='ltr'><strong>quod</strong></span> <span class='ocrx_word' id='word_1_174' title='bbox 566 2743 715 2805; x_wconf 89' lang='lat' dir='ltr'><strong>Adrianus</strong></span> <span class='ocrx_word' id='word_1_175' title='bbox 737 2744 819 2821; x_wconf 90' lang='lat' dir='ltr'><strong>Papa</strong></span> <span class='ocrx_word' id='word_1_176' title='bbox 835 2743 976 2804; x_wconf 84' lang='lat' dir='ltr'><strong>Carolum</strong></span> <span class='ocrx_word' id='word_1_177' title='bbox 997 2727 1056 2803; x_wconf 74' lang='lat' dir='ltr'><strong>Ma-</strong></span> 
     </span>
     <span class='ocr_line' id='line_1_25' title="bbox 128 2851 1057 2932; baseline -0.001 -18"><span class='ocrx_word' id='word_1_178' title='bbox 128 2873 226 2932; x_wconf 82' lang='lat' dir='ltr'><strong>gnum</strong></span> <span class='ocrx_word' id='word_1_179' title='bbox 242 2855 298 2916; x_wconf 86' lang='lat' dir='ltr'><strong>sibi</strong></span> <span class='ocrx_word' id='word_1_180' title='bbox 321 2861 349 2916; x_wconf 90' lang='lat' dir='ltr'><strong>et</strong></span> <span class='ocrx_word' id='word_1_181' title='bbox 370 2855 510 2916; x_wconf 85' lang='lat' dir='ltr'><strong>Ecclesiae</strong></span> <span class='ocrx_word' id='word_1_182' title='bbox 533 2851 700 2929; x_wconf 90' lang='lat' dir='ltr'><strong>advocavit,</strong></span> <span class='ocrx_word' id='word_1_183' title='bbox 718 2855 756 2915; x_wconf 92' lang='lat' dir='ltr'><strong>ob</strong></span> <span class='ocrx_word' id='word_1_184' title='bbox 777 2853 917 2932; x_wconf 88' lang='lat' dir='ltr'><strong>injuriam</strong></span> <span class='ocrx_word' id='word_1_185' title='bbox 940 2853 1057 2930; x_wconf 85' lang='lat' dir='ltr'><strong>Longo·</strong></span> 
     </span>
     <span class='ocr_line' id='line_1_26' title="bbox 128 2960 1059 3042; baseline -0.005 -19"><span class='ocrx_word' id='word_1_186' title='bbox 128 2964 309 3037; x_wconf 87' lang='lat' dir='ltr'><strong>bardorum,</strong></span> <span class='ocrx_word' id='word_1_187' title='bbox 337 2972 473 3042; x_wconf 90' lang='lat' dir='ltr'><strong>tempore</strong></span> <span class='ocrx_word' id='word_1_188' title='bbox 499 2961 644 3023; x_wconf 88' lang='lat' dir='ltr'><strong>Desiderii</strong></span> <span class='ocrx_word' id='word_1_189' title='bbox 669 2961 747 3038; x_wconf 84' lang='lat' dir='ltr'><strong>regis</strong></span> <span class='ocrx_word' id='word_1_190' title='bbox 773 2981 895 3035; x_wconf 90' lang='lat' dir='ltr'><strong>eorum,</strong></span> <span class='ocrx_word' id='word_1_191' title='bbox 922 2967 953 3020; x_wconf 89' lang='lat' dir='ltr'><strong>et</strong></span> <span class='ocrx_word' id='word_1_192' title='bbox 977 2960 1059 3037; x_wconf 92' lang='lat' dir='ltr'><strong>quod</strong></span> 
     </span>
     <span class='ocr_line' id='line_1_27' title="bbox 129 3071 1120 3151; baseline -0.005 -17"><span class='ocrx_word' id='word_1_193' title='bbox 129 3073 259 3134; x_wconf 85' lang='lat' dir='ltr'><strong>Carolus</strong></span> <span class='ocrx_word' id='word_1_194' title='bbox 273 3075 311 3133; x_wconf 90' lang='lat' dir='ltr'><strong>ab</strong></span> <span class='ocrx_word' id='word_1_195' title='bbox 327 3092 362 3133; x_wconf 96' lang='lat' dir='ltr'><strong>eo</strong></span> <span class='ocrx_word' id='word_1_196' title='bbox 378 3073 491 3151; x_wconf 90' lang='lat' dir='ltr'><strong>recepit</strong></span> <span class='ocrx_word' id='word_1_197' title='bbox 507 3073 629 3150; x_wconf 81' lang='lat' dir='ltr'><strong>Imperii</strong></span> <span class='ocrx_word' id='word_1_198' title='bbox 644 3073 829 3149; x_wconf 77' lang='lat' dir='ltr'><strong>dipoitctem,</strong></span> <span class='ocrx_word' id='word_1_199' title='bbox 843 3089 903 3130; x_wconf 91' lang='lat' dir='ltr'><strong>non</strong></span> <span class='ocrx_word' id='word_1_200' title='bbox 918 3071 1057 3129; x_wconf 86' lang='lat' dir='ltr'><strong>obstante</strong></span> <span class='ocrx_word' id='word_1_201' title='bbox 1077 3082 1120 3129; x_wconf 80' lang='lat'><strong>100</strong></span> 
     </span>
     <span class='ocr_line' id='line_1_28' title="bbox 128 3175 1163 3257; baseline -0.006 -18"><span class='ocrx_word' id='word_1_202' title='bbox 128 3179 213 3255; x_wconf 81' lang='lat' dir='ltr'><strong>quod</strong></span> <span class='ocrx_word' id='word_1_203' title='bbox 224 3179 350 3239; x_wconf 87' lang='lat' dir='ltr'><strong>Michael</strong></span> <span class='ocrx_word' id='word_1_204' title='bbox 358 3177 527 3257; x_wconf 87' lang='lat' dir='ltr'><strong>imperabat</strong></span> <span class='ocrx_word' id='word_1_205' title='bbox 537 3181 617 3257; x_wconf 85' lang='lat' dir='ltr'><strong>apud</strong></span> <span class='ocrx_word' id='word_1_206' title='bbox 626 3175 922 3254; x_wconf 86' lang='lat' dir='ltr'><strong>Constantinopolim.</strong></span> <span class='ocrx_word' id='word_1_207' title='bbox 933 3176 1060 3254; x_wconf 89' lang='lat' dir='ltr'><strong>Propter</strong></span> <span class='ocrx_word' id='word_1_208' title='bbox 1157 3230 1163 3250; x_wconf 63' lang='lat'><strong>,</strong></span> 
     </span>
     <span class='ocr_line' id='line_1_29' title="bbox 128 3264 1059 3364; baseline -0.005 -18"><span class='ocrx_word' id='word_1_209' title='bbox 128 3287 213 3364; x_wconf 87' lang='lat' dir='ltr'><strong>quod</strong></span> <span class='ocrx_word' id='word_1_210' title='bbox 232 3285 349 3358; x_wconf 91' lang='lat' dir='ltr'><strong>dicunt,</strong></span> <span class='ocrx_word' id='word_1_211' title='bbox 368 3286 447 3363; x_wconf 89' lang='lat' dir='ltr'><strong>quod</strong></span> <span class='ocrx_word' id='word_1_212' title='bbox 465 3264 570 3345; x_wconf 87' lang='lat' dir='ltr'><strong>omnes</strong></span> <span class='ocrx_word' id='word_1_213' title='bbox 586 3284 635 3362; x_wconf 89' lang='lat' dir='ltr'><strong>qui</strong></span> <span class='ocrx_word' id='word_1_214' title='bbox 649 3284 769 3344; x_wconf 85' lang='lat' dir='ltr'><strong>luerunt</strong></span> <span class='ocrx_word' id='word_1_215' title='bbox 785 3283 992 3343; x_wconf 89' lang='lat' dir='ltr'><strong>Romanorum</strong></span> <span class='ocrx_word' id='word_1_216' title='bbox 1002 3282 1059 3341; x_wconf 89' lang='lat' dir='ltr'><strong>lm·</strong></span> 
     </span>
     <span class='ocr_line' id='line_1_30' title="bbox 129 3389 1058 3474; baseline -0.004 -20"><span class='ocrx_word' id='word_1_217' title='bbox 129 3401 286 3474; x_wconf 87' lang='lat' dir='ltr'><strong>peratores</strong></span> <span class='ocrx_word' id='word_1_218' title='bbox 308 3401 376 3472; x_wconf 86' lang='lat' dir='ltr'><strong>post</strong></span> <span class='ocrx_word' id='word_1_219' title='bbox 396 3392 507 3473; x_wconf 90' lang='lat' dir='ltr'><strong>ipsum,</strong></span> <span class='ocrx_word' id='word_1_220' title='bbox 528 3391 649 3469; x_wconf 90' lang='lat' dir='ltr'><strong>etipse,</strong></span> <span class='ocrx_word' id='word_1_221' title='bbox 672 3389 808 3452; x_wconf 88' lang='lat' dir='ltr'><strong>advocati</strong></span> <span class='ocrx_word' id='word_1_222' title='bbox 823 3392 954 3451; x_wconf 75' lang='lat' dir='ltr'><strong>Ecclesia</strong></span> <span class='ocrx_word' id='word_1_223' title='bbox 974 3397 1058 3463; x_wconf 86' lang='lat' dir='ltr'><strong>sunt,</strong></span> 
     </span>
     <span class='ocr_line' id='line_1_31' title="bbox 131 3495 1060 3575; baseline -0.003 -15"><span class='ocrx_word' id='word_1_224' title='bbox 131 3503 162 3560; x_wconf 92' lang='lat' dir='ltr'><strong>et</strong></span> <span class='ocrx_word' id='word_1_225' title='bbox 180 3499 291 3558; x_wconf 87' lang='lat' dir='ltr'><strong>debent</strong></span> <span class='ocrx_word' id='word_1_226' title='bbox 308 3500 346 3559; x_wconf 93' lang='lat' dir='ltr'><strong>ab</strong></span> <span class='ocrx_word' id='word_1_227' title='bbox 363 3500 490 3560; x_wconf 77' lang='lat' dir='ltr'><strong>Ecclesia</strong></span> <span class='ocrx_word' id='word_1_228' title='bbox 507 3497 656 3558; x_wconf 88' lang='lat' dir='ltr'><strong>advocari.</strong></span> <span class='ocrx_word' id='word_1_229' title='bbox 673 3495 718 3556; x_wconf 87' lang='lat' dir='ltr'><strong>Ex</strong></span> <span class='ocrx_word' id='word_1_230' title='bbox 736 3516 794 3574; x_wconf 86' lang='lat' dir='ltr'><strong>quo</strong></span> <span class='ocrx_word' id='word_1_231' title='bbox 812 3495 903 3557; x_wconf 90' lang='lat' dir='ltr'><strong>etiam</strong></span> <span class='ocrx_word' id='word_1_232' title='bbox 920 3515 1060 3575; x_wconf 88' lang='lat' dir='ltr'><strong>sequere·</strong></span> 
     </span>
     <span class='ocr_line' id='line_1_32' title="bbox 130 3605 1124 3685; baseline -0.003 -19"><span class='ocrx_word' id='word_1_233' title='bbox 130 3612 182 3666; x_wconf 89' lang='lat' dir='ltr'><strong>tur</strong></span> <span class='ocrx_word' id='word_1_234' title='bbox 201 3605 252 3665; x_wconf 89' lang='lat' dir='ltr'><strong>illa</strong></span> <span class='ocrx_word' id='word_1_235' title='bbox 275 3605 488 3685; x_wconf 89' lang='lat' dir='ltr'><strong>dependentia,</strong></span> <span class='ocrx_word' id='word_1_236' title='bbox 511 3623 604 3681; x_wconf 89' lang='lat' dir='ltr'><strong>quam</strong></span> <span class='ocrx_word' id='word_1_237' title='bbox 627 3607 806 3666; x_wconf 88' lang='lat' dir='ltr'><strong>concludere</strong></span> <span class='ocrx_word' id='word_1_238' title='bbox 829 3607 941 3666; x_wconf 89' lang='lat' dir='ltr'><strong>volunt.</strong></span> <span class='ocrx_word' id='word_1_239' title='bbox 963 3605 1000 3665; x_wconf 95' lang='lat' dir='ltr'><strong>Et</strong></span> <span class='ocrx_word' id='word_1_240' title='bbox 1022 3607 1061 3666; x_wconf 89' lang='lat' dir='ltr'><strong>ad</strong></span> <span class='ocrx_word' id='word_1_241' title='bbox 1081 3619 1124 3666; x_wconf 80' lang='lat'><strong>105</strong></span> 
     </span>
    </p>
   </div>
   <div class='ocr_carea' id='block_1_3' title="bbox 0 0 1315 4038">
    <p class='ocr_par' dir='ltr' id='par_1_4' title="bbox 0 0 1315 4038">
     <span class='ocr_line' id='line_1_33' title="bbox 0 0 1315 4038; baseline 0 0"><span class='ocrx_word' id='word_1_242' title='bbox 0 0 1315 4038; x_wconf 95' lang='lat' dir='ltr'><strong> </strong></span> 
     </span>
    </p>
   </div>
  </div>
 </body>
</html>
