2590 4038
511 229 597 271 niara
616 229 735 272 Paulus.
1035 215 1090 272 225

145 359 314 433 civilatem,
337 361 423 438 cujus
445 359 513 421 linis
537 366 583 422 est
603 363 683 423 bene
701 359 948 441 sufficienterque
972 363 1072 426 vivere
1078 409 1086 438 ,
1099 373 1133 430 ,3⁵

144 487 244 530 unum
262 471 383 546 oportet
399 487 469 528 esse
480 467 631 544 regimem
649 476 678 528 et
694 467 752 528 hoo
766 488 827 528 non
843 470 942 529 solum
956 471 987 530 in
1004 475 1087 532 recta

144 573 266 654 politia,
287 575 342 634 sed
365 577 394 633 et
413 572 444 632 in
465 573 595 650 obliqua.
614 573 700 645 Quod
722 573 747 634 si
768 574 853 634 aliter
875 575 942 649 liat,
960 595 1021 636 non
1042 596 1089 637 so·

143 683 213 742 lum
239 679 308 740 finis
334 680 401 741 vitae
423 677 515 738 oivills
537 677 696 753 amittitur,
719 681 773 740 sed
795 685 824 740 et
844 680 957 742 Civitas
979 683 1086 743 desinit

146 807 218 850 esse
237 789 319 866 quod
337 790 411 848 erat.
430 785 460 846 Si
479 785 609 863 denique
625 805 720 868 unum
736 785 877 864 Regnum
894 786 1085 866 particulare,

146 897 237 974 eujus
261 895 328 954 finis
347 892 437 954 estis
456 893 507 970 qui
523 891 661 966 civitatis,
679 911 748 953 oum
768 893 875 972 majori
896 893 1004 955 fiducia
1021 914 1083 954 suae
1105 905 1133 949 lo

146 1001 375 1080 tranquillitatis
400 1005 519 1078 oportet
546 1019 614 1062 esse
643 1000 757 1075 Regem
782 1019 894 1074 unum,
924 1001 976 1078 qui
998 1006 1085 1078 regat

148 1115 244 1187 atque
266 1109 428 1186 gubernet:
452 1106 537 1168 aliter
559 1126 620 1166 non
641 1107 732 1166 modo
754 1105 919 1166 existentes
940 1107 972 1166 in
991 1125 1085 1184 regno

147 1211 245 1270 linem
265 1230 327 1271 non
348 1211 569 1287 adsequuntur,
593 1213 647 1272 sed
669 1216 698 1272 et
723 1232 850 1289 regnum
874 1212 905 1274 in
932 1213 1086 1275 interitum

146 1314 280 1389 labitur,
299 1316 385 1394 juxta
405 1315 477 1375 illud
498 1315 658 1378 infallibilis
675 1319 829 1381 Veritatis:
849 1321 937 1381 Omna
956 1323 1086 1398 Repuum

147 1421 182 1480 ἐπ
198 1423 325 1498 seipsum
342 1423 467 1482 diuisum
484 1423 668 1482 desolabitur.
688 1422 719 1482 si
740 1443 812 1499 ergo
833 1424 876 1484 sio
893 1443 927 1486 se
948 1426 1039 1486 habet
1056 1425 1087 1484 in
1107 1432 1134 1478 lt

149 1525 276 1602 singulis
295 1545 362 1603 quae
385 1527 423 1586 ad
445 1525 567 1603 aliquod
592 1546 687 1587 unum
709 1529 901 1614 ordinantur,
917 1550 1023 1591 verum
1041 1540 1088 1591 est

149 1631 233 1708 quod
255 1630 423 1691 adsumitur
445 1651 545 1708 supra.
567 1631 652 1693 Nune
674 1637 794 1693 constat
815 1635 895 1710 quod
916 1638 1013 1694 totum
1034 1637 1086 1695 hu·
1121 1643 1123 1646 ’

146 1755 278 1796 manum
291 1736 393 1796 Genus
408 1737 564 1796 ordinatur
579 1738 617 1796 ad
629 1737 743 1810 Unum,
754 1744 787 1797 ut
795 1737 858 1814 jam
868 1745 1087 1816 praeostensum

147 1843 215 1904 fut.
235 1842 313 1922 Ergo
330 1843 432 1904 Unum
453 1848 571 1922 oportet
592 1862 661 1904 esse
677 1845 818 1920 regulans
837 1844 898 1905 sive
918 1865 1039 1924 regens:
1058 1853 1088 1907 et

147 1949 200 2010 hio
221 1952 386 2016 Memorato
408 1950 470 2011 sive
494 1952 657 2028 Imperator
674 1949 731 2010 diei
751 1951 849 2011 debet.
871 1951 908 2010 Et
929 1950 972 2011 sio
991 1957 1086 2029 patet,
1107 1969 1137 2015 50

149 2057 235 2133 quod
249 2058 288 2116 ad
302 2057 380 2116 hene
395 2075 462 2117 esse
475 2055 580 2118 mundi
592 2075 719 2118 neeesse
734 2062 779 2119 est
790 2059 994 2121 Mormrotrium
1005 2079 1086 2134 esse,
1139 2093 1142 2099 ·

149 2161 216 2221 sive
231 2162 400 2238 Imperium.

526 2335 624 2398 Cnrnr
640 2338 716 2399 vul.

220 2518 349 2572 Ordinem,
367 2519 409 2572 qui
423 2521 544 2572 reperitur
558 2521 707 2574 inpartibus
721 2520 837 2564 humanae
849 2522 1027 2573 multitudiuis,

427 2599 529 2652 reperiri
544 2600 632 2642 dehere
646 2600 672 2642 ln
686 2601 818 2644 totalitate.

235 2785 274 2844 Et
284 2785 361 2846 sieut
377 2779 515 2846 sehabet
528 2805 598 2864 pars
614 2786 653 2846 ad
666 2792 776 2862 totum,
790 2784 832 2845 sio
847 2786 921 2846 ordo
930 2785 1089 2863 particula·

153 2896 196 2958 ris
214 2897 253 2957 ad
269 2896 403 2957 totalem.
419 2897 494 2956 Pars
510 2896 547 2955 ad
562 2900 659 2955 totum
674 2913 708 2954 se
725 2893 833 2965 habet,
847 2891 924 2951 siout
941 2894 979 2952 ad
997 2893 1089 2954 finem

153 3009 185 3062 et
201 3001 357 3080 optimum.
375 3001 453 3078 Ergo
471 3007 501 3060 et
516 3001 590 3060 ordo
608 2999 639 3059 in
656 3004 741 3077 parte
757 2999 795 3058 ad
813 2997 949 3058 ordinem
962 2997 993 3056 in
1009 3002 1086 3073 tolo,

153 3105 232 3166 siout
247 3107 285 3168 ad
302 3107 394 3168 tinem
407 3113 438 3168 et
454 3105 610 3185 optimum.
632 3106 677 3166 Ex
694 3125 754 3182 quo
770 3105 912 3176 habetur,
936 3101 1016 3180 quod
1037 3102 1088 3163 bo·

151 3211 232 3271 nitas
250 3212 361 3273 ordinis
383 3211 571 3290 particularis
589 3230 650 3270 non
668 3209 782 3271 excedit
803 3209 969 3273 honitatem
985 3207 1085 3270 totalis
1104 3225 1118 3270 5

153 3315 280 3377 ordinis:
302 3319 357 3378 sed
377 3317 472 3392 magis
493 3333 510 3375 e
532 3333 688 3375 converso.
707 3312 785 3372 Cum
799 3331 869 3388 ergo
886 3312 997 3389 duplex
1013 3313 1089 3373 ordo

150 3423 322 3502 reperiatur
337 3424 368 3485 in
385 3425 489 3496 rebus,
509 3423 581 3484 ordo
597 3420 708 3482 scilicet
729 3419 861 3498 partium
882 3420 961 3482 inter
987 3437 1035 3490 sa,
1060 3423 1091 3478 et

151 3529 229 3591 ordo
245 3527 376 3608 partium
395 3531 433 3590 ad
450 3528 570 3606 aliquod
588 3546 683 3589 unum
700 3527 780 3604 quod
796 3545 858 3588 non
875 3533 921 3588 est
942 3543 1028 3605 pars:
1046 3524 1090 3586 sie

261 3634 351 3688 Dran,
371 3635 439 3690 opero
455 3636 531 3678 turine.
924 3634 953 3677 15
