2578 4038
465 259 552 299 arnna
569 259 699 302 neurius.
992 249 1047 306 295

104 396 243 458 mittitur:
267 399 355 475 quod
377 397 417 458 sic
437 398 624 476 syllogizant:
644 397 688 457 Ea
709 417 775 474 quae
798 401 867 457 sunt
888 397 1041 472 Ecclesiae,

104 518 190 560 nemo
209 501 249 560 de
268 501 345 563 Jure
363 502 473 563 habere
490 508 604 582 potest,
621 503 678 563 nisi
699 505 737 564 ab
761 505 910 566 Ecclesia:
932 511 961 566 et
986 506 1043 568 hoc

104 605 296 679 conceditur;
315 609 481 668 Romanum
492 611 617 686 recimere
634 616 680 669 θεῖ
695 611 843 669 Ecelesioe:
857 629 927 686 ergo
941 610 1039 688 ipsum
1059 633 1088 678 15

102 729 190 770 nemo
208 711 333 772 habere
350 716 450 790 potest
463 714 500 773 de
514 714 596 786 lure,
610 714 667 774 nisi
682 717 719 775 ab
734 714 876 776 Ecclesia.
892 716 929 776 Et
945 715 1040 776 mino·

103 835 163 876 rem
179 819 321 895 probant
337 840 390 898 per
404 840 453 893 ea,
468 840 534 898 quae
548 823 585 883 de
600 822 796 885 Constantino
812 824 948 902 superius
964 828 1044 884 tacta

103 928 178 982 sunt.
197 925 292 984 Hanc
320 944 392 1002 ergo
414 924 561 985 minorem
577 924 728 987 interimo:
748 931 777 986 et
798 946 867 986 cum
894 927 1041 1006 probant,

103 1027 166 1088 dico
191 1032 280 1107 quod
304 1051 363 1092 sua
381 1031 517 1110 probatio
545 1030 627 1091 nulla
653 1038 714 1092 est:
736 1031 806 1109 quia
826 1031 1038 1094 Constantinus

103 1134 235 1198 alienare
258 1158 327 1200 non
348 1141 465 1217 poterat
485 1138 607 1216 Iruperii
626 1141 806 1217 diquitutem,
828 1159 884 1200 nec
906 1138 1039 1201 Ecclesia
1060 1156 1089 1202 20

102 1243 247 1319 recipere.
552 1303 557 1317 ,

180 1349 221 1409 Et
237 1369 339 1426 quum
349 1339 538 1427 peltinaciter
547 1347 668 1422 instent,
683 1349 763 1426 quod
777 1348 856 1421 dico,
868 1346 910 1409 sic
924 1347 1041 1409 ostendi

103 1455 211 1527 potest.
228 1453 356 1515 Nemini
373 1454 440 1515 licet
456 1474 492 1514 ea
508 1454 608 1515 facere
623 1474 677 1532 per
694 1455 825 1515 officium
847 1455 902 1515 sibi
923 1457 1043 1534 deputa·

104 1563 179 1634 tum,
200 1582 273 1639 quae
293 1565 365 1622 sunt
381 1566 486 1621 contra
500 1561 572 1621 illud
590 1558 737 1633 officium3
753 1560 823 1636 quia
840 1560 883 1620 sic
898 1558 994 1635 idem,
1008 1560 1039 1620 in

105 1670 255 1738 quantum
268 1666 365 1739 idem,
382 1673 461 1726 esset
478 1666 659 1726 contrarium
676 1663 732 1724 sibi
744 1664 814 1742 ipsi:
833 1665 913 1741 quod
929 1670 973 1725 est
989 1665 1041 1724 im·
1062 1679 1089 1724 ao

105 1772 256 1845 possibile.
270 1774 333 1834 Sed
345 1778 449 1834 contra
460 1772 599 1846 officium,
612 1773 787 1849 deputatum
801 1770 983 1848 imperatori,
996 1775 1041 1831 est

106 1877 243 1940 scindere
261 1882 436 1958 Imperium:
453 1899 549 1960 quum
569 1877 700 1938 officium
721 1878 785 1956 ejus
803 1875 856 1948 sit,
873 1876 1040 1936 humanum

107 1980 206 2046 Genus
224 1987 284 2048 uni
303 1987 378 2046 velle
399 1993 428 2046 et
449 1983 499 2045 uni
521 1985 600 2045 nolle
625 1989 727 2044 tenere
749 1982 931 2060 subjectum,
954 1984 986 2040 ut
1010 1978 1040 2038 in

105 2093 198 2164 nmmo
213 2095 309 2174 hujus
325 2095 362 2154 de
378 2092 454 2153 facili
469 2091 559 2152 videri
576 2095 683 2170 potest.
700 2089 778 2168 Ergo
796 2089 932 2150 scindere
949 2088 1039 2165 Impe-

108 2198 202 2278 rium,
215 2199 396 2279 Imperatori
409 2198 557 2261 nonlicet.
568 2199 598 2260 Si
613 2219 684 2276 crgo
697 2199 802 2276 aliquae
817 2196 974 2274 dignitates
986 2215 1039 2274 per
1059 2215 1089 2261 50

110 2300 342 2369 Constantinum
356 2311 458 2369 essent
472 2305 607 2366 alienatae
623 2304 669 2385 (ut
681 2303 794 2375 dicunt)
810 2305 847 2366 ab
859 2305 999 2382 Imperio,
1011 2312 1040 2365 et

109 2411 277 2476 cessissent
301 2414 332 2473 in
358 2417 540 2491 potestatem
562 2411 711 2488 Eeeieoice,
731 2409 824 2470 scissa
844 2416 925 2470 esset
945 2411 1043 2471 tunica

110 2512 310 2595 inconsutilis,
321 2538 411 2598 quam
423 2519 558 2579 scindere
572 2514 638 2576 ausi
647 2534 710 2574 non
722 2519 793 2576 sunt
807 2513 856 2591 qui
871 2514 1038 2587 Christum,

111 2640 215 2686 verum
228 2628 339 2699 Deum,
357 2627 461 2686 lancea
477 2624 677 2701 perforarunt.

189 2734 355 2804 Praeterea,
366 2730 442 2791 sicut
453 2730 578 2791 Ecclesia
593 2746 680 2787 suum
691 2726 781 2786 habet
795 2726 1037 2799 fundamentum,
1058 2737 1084 2781 55

112 2832 152 2895 sic
162 2840 255 2901 etiam
266 2839 438 2916 Imperium,
453 2855 554 2908 suum:
569 2854 641 2894 nam
654 2832 794 2894 Ecclesiae
809 2829 1038 2895 fundamentum

113 2939 245 3005 Christus
261 2949 321 3018 est3
338 2945 417 3004 unde
432 2941 594 3019 Apostulus
609 2940 647 3000 ad
661 2937 842 3002 Corinthios:
859 2941 1038 3002 Fundamen-

113 3052 171 3108 tum
194 3051 280 3110 uliud
299 3067 378 3108 uemo
393 3054 487 3124 potest
502 3066 624 3124 ponere,
633 3053 743 3123 preter
763 3047 796 3106 id
815 3049 890 3124 quod
907 3050 1037 3124 positum

115 3163 167 3233 att,
180 3160 256 3236 quod
270 3165 310 3218 eei
324 3157 456 3216 Christus
471 3157 563 3216 Jesus.
578 3156 645 3234 lpse
660 3162 706 3215 est
722 3157 823 3232 Petra,
837 3175 928 3235 super
945 3175 1035 3234 quam

117 3263 257 3326 aedificata
274 3270 320 3326 est
340 3264 473 3324 Ecclesia.
491 3263 612 3339 Imperii
628 3279 699 3321 vero
715 3261 959 3336 fundamentum,
980 3264 1037 3323 Juc
1057 3281 1087 3328 40

115 3364 280 3432 humanum
300 3374 355 3430 est.
376 3369 464 3430 Modo
482 3367 560 3440 dico,
578 3368 658 3443 quod
679 3365 755 3427 sicut
772 3368 911 3430 Ecclesiae
933 3369 1036 3429 funda·

116 3487 214 3542 mento
232 3485 287 3541 suo
305 3475 479 3539 contrariari
495 3495 554 3535 non
574 3474 654 3548 licet,
671 3474 724 3534 sed
746 3471 834 3533 debet
855 3491 975 3549 semper
995 3470 1037 3531 in·

116 3579 167 3642 niti
190 3601 282 3663 super
302 3581 385 3655 illud,
405 3581 489 3658 juxta
509 3581 580 3641 illud
598 3579 806 3640 Canticorum:
829 3580 898 3653 Quee
915 3587 955 3639 est
974 3581 1037 3641 Ista
