2560 4022
232 231 267 286 38
502 243 540 283 nu
557 241 682 283 vuucnar
699 239 889 289 ccoouuurn.

235 370 356 447 digenas
375 370 542 432 invenimus
559 369 687 447 graviter
703 369 857 444 cecinisse,
873 376 945 449 puta
960 371 990 431 in
1012 372 1159 434 Contioni-

233 480 284 538 bus
299 479 367 539 illis:

187 587 215 631 lu
233 662 256 720 Ε
395 599 408 634 u
427 582 521 635 Ancon
534 581 584 637 che
600 583 618 636 l'
630 598 718 653 acqua
731 599 781 654 per
794 583 821 638 lo
837 583 897 639 foco
912 583 1014 638 lassi.»

259 666 271 720 t

395 777 408 811 u
427 760 528 828 Amor,
545 759 596 814 che
611 759 788 829 longamente
803 762 840 814 m'
851 761 898 815 hai
913 769 1058 819 maneto.»

234 886 294 946 Sed
307 886 371 946 haec
381 886 461 945 fama
473 885 632 947 Trinacriae
645 895 745 963 terrae,
757 889 782 950 si
795 893 875 950 recte
891 891 1010 969 signum
1024 893 1063 953 ad
1076 895 1159 970 quod

234 992 327 1054 tendit
345 991 551 1069 inspiciamus,
572 994 687 1056 videtur
704 1002 821 1057 tantum
836 998 867 1058 in
884 1000 1080 1078 opprobrium
1102 1003 1159 1062 lta-

185 1109 212 1152 15
232 1101 331 1161 lorum
343 1097 512 1176 Principum
524 1100 721 1173 remansisse,
736 1099 861 1177 quinon
879 1102 978 1163 eroice
992 1123 1086 1176 more,
1103 1106 1158 1164 sed

234 1205 340 1283 plebeo
353 1208 519 1281 sequuntur
536 1204 716 1282 superbiam.
735 1207 888 1284 Siquidem
906 1208 1036 1270 illustres
1050 1211 1160 1273 heroes

234 1309 392 1372 Federicus
409 1309 523 1384 Caesar,
542 1318 571 1371 et
585 1311 662 1372 bene
679 1312 794 1390 genitus
812 1315 876 1392 ejus
893 1313 1085 1389 ManfreduS,
1107 1336 1159 1377 no·

233 1415 377 1476 bilitatem
402 1435 438 1476 ac
463 1415 670 1476 rectitudinem
695 1437 757 1477 suae
782 1418 886 1479 formae
906 1423 1090 1498 pandenteS,
1107 1424 1160 1484 do·

233 1545 290 1586 nec
309 1526 428 1585 fortuna
447 1521 627 1601 permansit,
648 1523 782 1583 humana
802 1524 894 1584 secuti
919 1531 1003 1598 sunt,
1031 1527 1161 1588 brutalia

116 1646 117 1650 ¹
187 1645 214 1689 cu
234 1628 442 1704 dedignantes:
459 1630 581 1704 propter
598 1626 677 1702 quod
695 1626 785 1687 corde
801 1628 930 1702 nobiles,
949 1634 1039 1707 atque
1054 1632 1160 1707 gratie·

187 1725 189 1732 ¹
234 1755 302 1796 rum
331 1735 435 1810 dotati,
461 1735 606 1795 inhaerere
630 1739 783 1796 tantorum
806 1737 976 1815 Principum
1005 1739 1158 1817 majestati

234 1843 332 1906 conati
348 1851 432 1906 sunt:
450 1843 491 1905 ita
512 1846 592 1922 quod
613 1864 718 1906 eorum
738 1849 873 1924 tempore
894 1846 1032 1924 quicquid
1063 1849 1160 1908 excel·

233 1948 329 2008 lentes
355 1949 529 2009 Latinorum
556 1949 756 2024 enitebantur,
784 1951 922 2031 primitus
950 1955 981 2014 in
1005 1961 1157 2015 tantorum

235 2054 455 2115 Coronatorum
470 2055 538 2114 aula
554 2056 700 2133 prodibat.
716 2046 754 2118 Et
768 2059 838 2136 quia
853 2062 953 2138 regale
970 2062 1075 2123 solium
1091 2069 1161 2122 erat

188 2170 214 2212 2³6
234 2160 342 2231 Sicilia,
367 2158 560 2232 factumest,
581 2165 614 2220 ut
634 2161 774 2240 quicquid
797 2166 892 2226 nostri
915 2168 1156 2246 praedecessores

236 2263 399 2341 vulgariter
407 2267 785 2343 protulerunt,Sicilianum
794 2279 930 2335 vocetur:
944 2277 1024 2353 quod
1035 2278 1155 2354 quidem

235 2374 398 2435 retinemus
409 2381 516 2447 etnos,
527 2395 582 2436 nec
591 2376 702 2453 posteri
711 2377 805 2438 nostri
818 2384 990 2456 permutare
1007 2380 1157 2440 valebunt.

235 2485 350 2561 Raeto,
368 2483 485 2543 Rachel
503 2481 581 2555 Quid
596 2502 677 2543 nunc
692 2487 833 2562 personat
850 2483 923 2543 tuba
939 2481 1090 2543 novissimi
1107 2483 1158 2542 Fe·

236 2591 345 2654 derici?
354 2589 424 2668 quid
436 2586 667 2648 tintinnabulum
676 2587 701 2646 ll
715 2586 831 2648 Caroli?
842 2586 912 2664 quid
922 2605 1039 2646 cornua
1051 2586 1157 2647 Johan-

187 2709 215 2756 oo
233 2695 280 2758 nis
307 2701 336 2756 et
361 2693 487 2756 Azzonis
512 2693 717 2762 Marchionum
743 2694 920 2770 potentum?
946 2690 1016 2767 quid
1031 2692 1156 2750 aliorum

236 2807 408 2880 Magnetum
428 2800 525 2862 tibiae?
544 2799 612 2873 nisi,
625 2799 743 2873 Venite,
761 2799 929 2872 carnifices3
942 2798 1061 2872 Venite,
1080 2798 1156 2860 altri-

235 2908 341 2987 plices3
355 2904 473 2977 Venite,
488 2903 616 2964 avaritiae
632 2909 803 2965 sectatores.
822 2905 881 2965 Sed
894 2912 1018 2984 praestat
1035 2908 1073 2968 ad
1091 2927 1154 2984 pro·

237 3012 367 3090 positum
378 3011 536 3088 repedare,
549 3027 640 3085 quam
649 3008 760 3068 frustra
773 3008 865 3085 loqui:
881 3017 910 3069 et
926 3011 1065 3084 dicimus,
1077 3013 1156 3088 quod

237 3116 263 3176 si
278 3116 405 3193 Vulgare
420 3115 591 3176 Sicilianum
614 3115 746 3192 accipere
762 3117 914 3190 volumus,
941 3117 1054 3177 scilicet
1077 3117 1156 3193 quod

190 3246 215 3289 35
238 3223 403 3303 proditore
418 3221 573 3297 terrigenis
589 3219 799 3293 mediocribus,
818 3237 856 3281 ex
871 3239 923 3281 ore
939 3239 1069 3297 quorum
1083 3217 1157 3296 judi·
1219 3287 1222 3292 ,

237 3331 315 3392 cium
324 3328 500 3390 eliciendum
509 3328 631 3404 videtur,
641 3327 818 3407 praelationis
828 3327 949 3390 minime
959 3329 1081 3406 dignum
1091 3332 1151 3401 est3

240 3437 308 3518 quia
323 3457 385 3497 non
400 3435 464 3496 sine
481 3437 611 3513 quodam
627 3441 761 3516 ternpore
777 3437 940 3540 profertur,
957 3441 990 3496 ut
1007 3439 1079 3512 puta
1098 3431 1154 3494 ibi:

291 3563 459 3636 «Traggemi
476 3563 502 3618 d'
513 3569 571 3620 este
586 3563 692 3634 iecora,
701 3563 782 3619 -Se
796 3563 816 3619 t'
826 3571 884 3620 este
898 3537 1111 3620 a'bolontateu
