2590 4038
486 189 572 234 stultu
592 193 710 238 emotus,
784 217 788 226 ·
1011 193 1064 250 237

120 317 229 382 ditiva:
253 341 445 404 consequens
475 335 536 403 est,
566 333 648 408 quod
675 332 739 426 ipse
769 336 817 396 vel
846 339 981 416 omnino,
1012 345 1060 406 vel

118 423 256 486 maxime
272 429 351 489 bene
368 431 528 509 dispositus
544 436 582 495 ad
597 438 764 513 regendum
780 459 847 502 esse
862 451 976 521 potest3
989 450 1060 526 quis
1080 455 1111 502 40

118 527 198 589 inter
219 537 347 594 oaeteros
366 535 510 612 judicium
533 543 564 598 et
589 540 740 604 Justitism
767 546 922 622 potissime
946 553 1059 616 habere

118 643 230 713 potest.
245 639 319 712 Quae
330 641 390 702 duo
400 642 648 724 principalissime
662 649 838 727 Legisiatori
854 659 883 715 et
896 654 969 734 legis
984 659 1058 722 Exe·

118 743 213 804 autori
229 747 425 823 conueniunt,
444 754 575 813 testante
591 753 673 830 Rege
688 757 738 817 illo
760 759 964 836 sanctissimo,
987 783 1057 828 oum

118 847 328 912 oonsenientia
339 852 413 930 Regi
421 860 452 914 et
462 856 533 916 Filio
547 857 636 934 Regis
651 864 821 937 postulabat
839 885 858 925 a
872 867 949 928 Deo:
961 872 1057 950 Deus,

116 953 292 1032 inquiebat,
310 960 461 1034 judicium
484 969 565 1022 tusam
590 965 734 1043 Rapido,
754 974 780 1026 et
801 969 955 1030 Juautam
977 979 1057 1035 tuam
1075 989 1106 1034 45

115 1063 195 1122 mio
211 1067 307 1140 Rapis.
324 1065 407 1125 Bene
420 1065 508 1145 igitur
525 1068 637 1130 dietum
652 1075 714 1143 est,
731 1090 800 1131 oum
813 1071 920 1134 dieitur
937 1073 967 1133 in
985 1076 1054 1136 sub·

116 1170 293 1248 adsumpta,
312 1173 396 1262 quod
417 1173 577 1234 Monarcho
604 1176 687 1235 solus
716 1177 850 1251 est'ilia,
878 1178 927 1256 qui
953 1185 1054 1259 potest

116 1293 184 1337 esse
206 1277 321 1354 optime
342 1276 502 1353 dispositus
523 1280 562 1338 ad
583 1279 756 1356 regendum.
785 1279 863 1356 Ergo
890 1283 1052 1350 Moesorum

114 1381 196 1439 sotus
219 1381 332 1458 optime
354 1381 427 1442 alios
448 1381 606 1460 disponere
626 1388 734 1461 potest.
757 1381 802 1442 Ex
823 1403 882 1460 quo
903 1387 1050 1464 sequitur,

115 1485 194 1560 quod
218 1485 257 1544 ad
276 1485 424 1563 optimam
445 1489 548 1549 mundi
564 1487 794 1568 dispositionem
815 1490 990 1554 Monorotto
1010 1492 1050 1556 sit
1071 1512 1102 1557 oo

112 1603 298 1648 necessaria.

485 1747 583 1810 Casus
603 1749 676 1808 XVI.

217 1929 287 1980 Quod
300 1927 356 1973 fleri
370 1933 448 1983 potest
462 1941 505 1984 per
518 1942 608 1982 uuum,
623 1931 712 1974 metius
726 1939 769 1984 per
783 1941 859 1973 unum
872 1931 939 1984 dett,

470 2019 543 2062 quam
553 2019 601 2062 per
613 2009 693 2062 plura.

187 2230 228 2292 ut
246 2233 327 2309 quod
343 2235 443 2309 potest
460 2229 524 2292 fieri
540 2251 594 2310 per
608 2251 716 2304 uuum,
729 2231 839 2293 melius
854 2239 901 2294 est
914 2233 978 2295 fieri
989 2254 1045 2314 per

106 2353 204 2395 unum
221 2355 314 2413 quam
330 2356 384 2414 per
399 2339 494 2415 plura.
512 2339 598 2411 Quod
615 2338 658 2399 sio
674 2341 861 2402 declaratur:
874 2343 920 2403 Sit
934 2363 1043 2418 unum,

106 2461 162 2522 pes·¹
184 2446 264 2522 quod
286 2443 406 2522 aliquod
427 2445 491 2506 fleri
511 2452 623 2524 potest,
649 2447 692 2521 A3
717 2454 747 2507 et
775 2448 834 2509 sint
861 2449 962 2526 plura,
988 2469 1044 2527 per

107 2564 175 2622 quae
196 2547 333 2608 similiter
351 2547 423 2611 illud
444 2551 508 2611 fieri
527 2557 639 2628 potest,
662 2553 689 2613 A
712 2559 742 2614 et
761 2555 795 2614 B.
822 2554 853 2616 Si
871 2575 945 2631 ergo
969 2556 1042 2618 illud

105 2649 187 2712 idem
205 2655 286 2730 quod
302 2653 336 2715 fit
351 2675 405 2734 per
422 2656 449 2718 A
466 2662 495 2718 et
519 2657 557 2731 Β,
579 2663 679 2735 potest
703 2658 766 2718 fieri
787 2679 842 2737 per
861 2660 888 2721 A
909 2665 1040 2736 tantum,
1063 2676 1076 2720 5

106 2757 220 2821 frustra
240 2760 281 2822 ibi
301 2763 469 2824 adsumitur
488 2765 526 2840 B;
555 2764 624 2842 quia
646 2783 685 2824 ex
708 2764 802 2843 ipsius
830 2769 1041 2848 adsumptione

106 2863 179 2926 nihss
193 2867 341 2945 sequitur,
357 2871 523 2950 comptius
537 2872 609 2933 illud
623 2871 704 2932 idem
719 2873 809 2934 fiebat
823 2895 878 2953 per
891 2877 917 2937 A
932 2879 1039 2938 solum.

105 2971 143 3032 Et
160 2991 230 3033 cum
247 2975 345 3036 omnis
359 2977 426 3038 talis
440 2979 611 3058 adsumptio
629 2980 667 3040 sit
681 2982 778 3042 otiosa
792 2982 854 3042 sive
869 2985 1039 3060 superflua,

105 3083 135 3160 et
152 3097 243 3140 omne
261 3083 447 3160 superfluum
463 3086 526 3146 Deo
542 3091 570 3147 et
587 3087 707 3148 Naturae
722 3089 889 3169 displiceat,
904 3098 935 3152 et
949 3111 1039 3154 omne

105 3184 185 3259 quod
206 3183 269 3244 Deo
292 3191 321 3245 et
341 3187 462 3249 Naturae
484 3190 617 3271 displicet
638 3195 676 3255 sit
697 3199 826 3272 malum,
854 3208 888 3262 ut
915 3202 1087 3264 manue-10

104 3291 186 3345 uum
203 3291 249 3346 est
266 3289 304 3349 de
321 3309 368 3366 se3
385 3294 531 3371 sequitur,
550 3318 612 3359 non
633 3303 732 3364 solum
752 3305 859 3369 meiius
882 3330 950 3372 esse
972 3312 1036 3372 fieri

101 3411 284 3470 perunum,
306 3399 332 3459 si
352 3399 415 3461 fieri
435 3410 551 3481 potest,
573 3428 664 3485 quam
685 3411 749 3472 fieri
775 3433 828 3491 per
854 3417 955 3494 plura,
982 3419 1036 3477 sed

101 3499 167 3564 fieri
181 3523 342 3582 perunum
354 3525 420 3568 esse
432 3509 718 3593 bonum,perplura
731 3515 902 3594 simpliciter
912 3519 1035 3579 malum.
