2576 4052
222 188 279 244 382
589 203 627 244 oe
646 199 824 242 morineias.

223 315 330 385 finale,
343 315 393 370 che
408 314 521 387 equell’
531 314 645 382 attinio,
662 313 707 368 cui
722 312 745 367 si
758 311 862 382 rivolge
876 314 1055 368 econtende:
1071 314 1149 384 Per,
1159 330 1185 384 ι,

224 403 292 474 427,
311 418 381 472 xxx,
397 403 442 459 33.
458 403 616 458 Parimente
629 418 687 458 non
699 399 904 456 riuscirehbero
919 400 1040 472 periette
1055 403 1083 457 le
1098 419 1184 475 opere

223 491 299 547 della
313 491 434 561 Natura,
449 508 479 547 se
492 497 604 564 questa,
620 495 729 545 mentre
744 489 859 544 intende
872 488 907 544 ed
920 504 998 558 esse,
1014 507 1074 545 non
1087 507 1184 546 avesse

224 595 348 652 puranco
364 580 509 651 risguardo
526 597 543 635 a
557 580 624 634 tntti
638 581 702 650 qne'
711 578 801 634 mecei
805 615 814 644 ,
833 577 907 634 onde
922 580 978 650 pue
997 579 1135 650 giugnere
1148 579 1185 634 al·

225 669 244 724 i’
254 671 358 726 attinio
372 673 427 725 fine
442 669 515 724 dolie
530 685 580 724 sue
594 667 761 728 intenzione.

296 758 340 813 23.
361 759 478 814 Natura
499 763 540 812 est
564 773 636 829 opns
658 756 765 811 divinoe
786 756 1008 826 Inteitipentioe,
1032 756 1184 812 derivando

223 864 288 902 essa
303 849 353 902 dat
367 847 463 902 divino
478 847 621 902 intettctto
637 862 652 899 e
666 846 705 900 da
716 862 770 900 sna
780 845 850 899 Arte
863 843 939 918 (lai,
951 859 993 913 xr,
1004 844 1084 916 100),
1098 861 1115 900 e
1128 849 1184 902 cosi

222 937 410 992 disrelandosi
424 952 475 1008 per
494 936 589 990 l’Arte
603 941 692 990 siesse
707 935 735 989 di
750 935 815 989 Dio:
832 936 918 1002 Mon.‚
934 949 971 1002 11,
987 932 1015 987 2.

295 1025 340 1080 26.
362 1024 455 1089 Qnam
469 1041 536 1097 erpo
551 1025 618 1096 finis
633 1025 756 1080 hnmani
768 1024 888 1079 Generis
900 1023 953 1091 sit,
968 1029 997 1078 et
1009 1024 1048 1078 sit
1062 1025 1185 1096 aliquod

225 1115 354 1170 medinm
375 1116 570 1170 necessariam
592 1115 631 1170 ad
651 1115 739 1186 finem
759 1115 884 1170 Natnroe
903 1113 1117 1181 universalem,
1138 1129 1184 1168 no-

223 1219 297 1258 ccsse
312 1208 363 1270 est,
382 1203 528 1258 Naturam
543 1204 638 1274 ipsam
652 1201 793 1275 (medium)
808 1203 964 1257 intendere.
980 1201 992 1255 I
1008 1201 1105 1256 Codici
1120 1202 1182 1257 tutti

221 1309 239 1346 e
252 1293 279 1345 le
293 1294 405 1364 Stampe
418 1292 466 1363 qui
479 1297 621 1346 omettono
638 1298 689 1346 aet
701 1292 750 1359 sit,
762 1309 775 1345 r)
792 1291 843 1346 che
858 1308 912 1363 pur
926 1291 954 1345 ta
969 1291 996 1344 d'
1008 1307 1084 1360 uopo
1094 1307 1110 1346 a
1120 1306 1186 1345 ren·

221 1381 292 1436 dere
308 1380 399 1435 intero
412 1381 432 1436 il
447 1380 577 1452 periodo,
595 1381 691 1452 opert
707 1378 762 1434 bon
776 1379 803 1433 vi
815 1377 846 1433 iu
860 1379 982 1450 supplito
1002 1379 1184 1434 datt'arvedi·

223 1473 319 1525 mento
336 1469 382 1524 del
396 1470 496 1540 trine,
512 1470 721 1526 ervelorandosi
736 1470 809 1524 della
821 1468 993 1524 Traduzione
1010 1469 1057 1522 del
1070 1467 1175 1524 Ficino.

298 1558 343 1615 30.
365 1558 440 1624 Qnia
454 1561 494 1615 ari
507 1562 584 1615 hanc
595 1559 684 1632 finem
699 1559 818 1614 Natara
828 1558 996 1628 pertinpere
1013 1573 1073 1611 non
1089 1563 1183 1628 potest

220 1666 278 1722 per
303 1667 396 1705 anam
415 1649 576 1715 hominem,
596 1653 648 1704 etc.
668 1647 703 1702 Di
722 1647 811 1718 quest'
822 1652 983 1717 argomento
1004 1646 1181 1716 l'Altighieri

221 1737 246 1791 si
266 1736 345 1807 giova
363 1721 418 1807 pur
433 1737 479 1794 nel
494 1737 612 1805 Poema,
629 1736 656 1790 li
673 1734 743 1790 dove
762 1734 785 1788 si
803 1733 866 1788 vien
885 1750 900 1788 e
920 1734 1090 1789 dimostrare
1111 1735 1181 1804 che,

221 1827 341 1882 essendo
352 1827 370 1880 l'
377 1826 465 1882 Uomo
474 1826 680 1882 neturelmente
691 1825 821 1880 animate
830 1825 1073 1894 compayneaoteo
1083 1824 1178 1892 civile,

219 1917 237 1968 e
251 1913 344 1985 perciti
360 1914 516 1969 necessario
531 1914 582 1968 che
597 1912 663 1967 nell’
674 1927 776 1967 umens
788 1911 895 1967 Societi
910 1911 1027 1966 visiano
1043 1912 1124 1982 aflicj
1136 1913 1182 1966 di·

221 2003 336 2072 oeroi,'e
352 2003 409 2058 cosi
424 2002 551 2057 debbano
566 2001 670 2056 esservi
685 2001 760 2071 negti
774 2000 886 2055 Uomini
901 2001 1008 2056 diverse
1021 2001 1131 2072 facoitir
1142 2002 1182 2056 al-

141 2127 145 2136 ·
219 2091 379 2148 i'esercizio
395 2091 468 2160 degli
484 2091 556 2160 uiircj
573 2088 665 2144 stessi.
685 2089 747 2143 Non
763 2089 898 2160 potrebbe
917 2089 935 2143 l'
946 2090 1037 2144 Uomo
1054 2090 1176 2160 quaggiir

218 2181 321 2235 durare
334 2180 363 2232 in
377 2179 520 2237 consorzio
533 2177 603 2248 cogii
617 2177 696 2246 altri,
709 2194 738 2232 se
752 2194 808 2232 non
822 2178 848 2232 ri
861 2177 885 2232 si
896 2177 957 2232 vioe
969 2179 1179 2234 diversamcntc

216 2286 272 2342 per
286 2270 393 2326 diversi
407 2270 496 2343 afficj,
509 2286 524 2324 e
537 2287 567 2325 se
581 2268 678 2342 quindi
694 2285 750 2326 non
764 2269 865 2326 furano
879 2275 958 2340 poste
972 2269 1008 2324 de
1017 2270 1177 2326 Naturadi·

217 2375 296 2414 verse
312 2359 338 2414 te
353 2359 450 2414 radici
464 2359 508 2413 oie'
517 2359 609 2414 nostri
628 2358 731 2430 offetti:
746 2359 828 2426 Pon,
844 2373 912 2428 r111,
928 2359 989 2414 118.

290 2449 335 2506 35.
355 2449 401 2504 Ad
413 2449 489 2520 qnod
501 2450 626 2504 mnttnrn
640 2450 792 2519 conferant
800 2486 809 2514 ,
823 2453 933 2516 prater
946 2449 1127 2518 superiorem
1137 2449 1179 2506 in·

216 2540 383 2610 fluentiam,
401 2539 530 2594 locorum
546 2537 719 2606 inferiorari
732 2537 854 2592 virtutes
869 2545 895 2592 et
907 2539 1116 2611 proprietates.
1132 2540 1178 2594 At-

217 2628 310 2682 finchi
325 2627 363 2696 gii
378 2627 490 2696 Uomipi
504 2626 581 2681 siano
597 2626 802 2681 naturatmente
818 2626 934 2698 disposti
949 2644 965 2682 a
983 2629 1094 2684 diverse
1112 2646 1178 2703 ope-

217 2717 335 2786 ratori,
352 2716 542 2772 conieriscono
558 2732 609 2787 per
623 2732 691 2786 gran
712 2720 791 2786 perte
812 2716 838 2770 le
860 2717 999 2773 intluenzo
1021 2720 1173 2790 superiori,

216 2806 310 2877 quelle
323 2805 381 2860 cioe
394 2805 439 2860 de'
449 2806 528 2875 Gieli,
542 2805 601 2862 Che
612 2806 731 2861 drizzan
746 2806 861 2861 ciascun
872 2823 949 2861 sorno
959 2807 997 2862 ad
1007 2808 1094 2864 atcan
1105 2809 1175 2880 fine,

216 2894 344 2950 Secondo
361 2895 411 2949 che
434 2895 460 2948 te
477 2896 558 2950 stette
576 2911 627 2956 son
647 2911 820 2966 compapne:
840 2895 934 2964 Purg,
954 2909 1030 2964 xxx,
1049 2895 1114 2952 110.
1130 2899 1175 2952 Mo

216 2983 244 3038 ri
254 2999 423 3038 eoncorrono
436 2983 558 3039 eziandio
571 2983 597 3038 le
610 2984 717 3038 cirtae
734 2984 760 3037 le
771 2983 927 3055 proprietci
942 2983 985 3038 de·
995 2984 1108 3056 luoghi,
1123 3001 1173 3044 ove

216 3074 254 3143 gli
264 3069 375 3130 Uomini
384 3091 505 3130 naseono
517 3093 532 3130 e
545 3090 690 3142 crescone,
708 3073 818 3143 giacche
828 3073 854 3127 te
864 3089 927 3128 cose
939 3079 1009 3128 tutte
1020 3074 1068 3128 nel
1077 3076 1171 3147 luogo,

213 3165 286 3218 dore
300 3166 331 3218 ta
347 3166 408 3220 loro
425 3166 612 3236 peneracione
631 3165 812 3233 cardinato,
827 3165 956 3220 ricsvoao
974 3165 1073 3235 oipore
1091 3183 1172 3238 epo·

217 3257 312 3308 tenca:
331 3253 427 3322 Conn,
443 3269 493 3324 111,
511 3254 539 3308 3.
795 3236 800 3246 '

287 3342 332 3398 37.
351 3343 476 3413 Propter
498 3345 574 3416 qaod
594 3345 736 3410 videmus,
760 3343 836 3418 qnod
859 3344 979 3415 qnidam
998 3359 1058 3400 non
1075 3345 1169 3400 sotum

215 3431 378 3499 sinpatarcs
394 3431 547 3500 Homines,
563 3434 634 3504 quin
653 3433 741 3490 etiam
755 3433 873 3504 popati,
888 3434 951 3506 apti
967 3434 1033 3488 nati
1046 3438 1116 3490 sant
1130 3433 1169 3489 aci

211 3518 395 3590 principari,
408 3523 461 3574 etc.
476 3519 531 3574 Che
545 3521 582 3591 gli
595 3521 644 3577 uni
656 3539 708 3594 per
719 3529 818 3578 natura
830 3523 891 3578 sian
903 3522 1033 3582 destinati
1044 3539 1060 3577 a
1072 3523 1167 3595 signo·
