<?xml version="1.0" encoding="UTF-8"?>
<!DOCTYPE html PUBLIC "-//W3C//DTD XHTML 1.0 Transitional//EN"
    "http://www.w3.org/TR/xhtml1/DTD/xhtml1-transitional.dtd">
<html xmlns="http://www.w3.org/1999/xhtml" xml:lang="en" lang="en">
 <head>
  <title>
</title>
<meta http-equiv="Content-Type" content="text/html;charset=utf-8" />
  <meta name='ocr-system' content='tesseract 3.04.00' />
  <meta name='ocr-capabilities' content='ocr_page ocr_carea ocr_par ocr_line ocrx_word'/>
</head>
<body>
  <div class='ocr_page' id='page_1' title='image "./operelatine00giulgoog_0269.png"; bbox 0 0 2590 4038; ppageno 0'>
   <div class='ocr_carea' id='block_1_1' title="bbox 217 212 797 271">
    <p class='ocr_par' dir='ltr' id='par_1_1' title="bbox 217 212 797 271">
     <span class='ocr_line' id='line_1_1' title="bbox 217 212 797 271; baseline -0.016 0"><span class='ocrx_word' id='word_1_1' title='bbox 217 212 272 271; x_wconf 74' lang='lat'><strong>250</strong></span> <span class='ocrx_word' id='word_1_2' title='bbox 563 223 601 265; x_wconf 79' lang='lat' dir='ltr'><strong>nu</strong></span> <span class='ocrx_word' id='word_1_3' title='bbox 619 221 797 264; x_wconf 74' lang='lat' dir='ltr'><strong>norinorum.</strong></span> 
     </span>
    </p>
   </div>
   <div class='ocr_carea' id='block_1_2' title="bbox 218 351 1151 540">
    <p class='ocr_par' dir='ltr' id='par_1_2' title="bbox 218 351 1151 540">
     <span class='ocr_line' id='line_1_2' title="bbox 220 351 1151 432; baseline -0.004 -13"><span class='ocrx_word' id='word_1_4' title='bbox 220 359 299 420; x_wconf 90' lang='lat' dir='ltr'><strong>sium</strong></span> <span class='ocrx_word' id='word_1_5' title='bbox 324 358 356 419; x_wconf 92' lang='lat' dir='ltr'><strong>in</strong></span> <span class='ocrx_word' id='word_1_6' title='bbox 376 355 485 419; x_wconf 82' lang='lat' dir='ltr'><strong>Airicu.</strong></span> <span class='ocrx_word' id='word_1_7' title='bbox 507 355 544 416; x_wconf 84' lang='lat' dir='ltr'><strong>Et</strong></span> <span class='ocrx_word' id='word_1_8' title='bbox 570 355 651 432; x_wconf 90' lang='lat' dir='ltr'><strong>quod</strong></span> <span class='ocrx_word' id='word_1_9' title='bbox 673 353 761 414; x_wconf 73' lang='lat' dir='ltr'><strong>iuuerit</strong></span> <span class='ocrx_word' id='word_1_10' title='bbox 786 354 911 432; x_wconf 74' lang='lat' dir='ltr'><strong>coniux,</strong></span> <span class='ocrx_word' id='word_1_11' title='bbox 937 351 1019 414; x_wconf 90' lang='lat' dir='ltr'><strong>idem</strong></span> <span class='ocrx_word' id='word_1_12' title='bbox 1042 358 1151 415; x_wconf 88' lang='lat' dir='ltr'><strong>noster</strong></span> 
     </span>
     <span class='ocr_line' id='line_1_3' title="bbox 218 456 1076 540; baseline -0.013 -11"><span class='ocrx_word' id='word_1_13' title='bbox 218 468 307 529; x_wconf 84' lang='lat' dir='ltr'><strong>Poeta</strong></span> <span class='ocrx_word' id='word_1_14' title='bbox 322 463 497 526; x_wconf 72' lang='lat' dir='ltr'>vaticinatur</span> <span class='ocrx_word' id='word_1_15' title='bbox 513 460 544 522; x_wconf 91' lang='lat' dir='ltr'><strong>in</strong></span> <span class='ocrx_word' id='word_1_16' title='bbox 560 467 680 540; x_wconf 65' lang='lat' dir='ltr'><strong>quartop</strong></span> <span class='ocrx_word' id='word_1_17' title='bbox 693 457 788 536; x_wconf 90' lang='lat' dir='ltr'><strong>inquit</strong></span> <span class='ocrx_word' id='word_1_18' title='bbox 802 456 883 518; x_wconf 91' lang='lat' dir='ltr'><strong>enim</strong></span> <span class='ocrx_word' id='word_1_19' title='bbox 896 457 933 517; x_wconf 91' lang='lat' dir='ltr'><strong>de</strong></span> <span class='ocrx_word' id='word_1_20' title='bbox 947 456 1076 518; x_wconf 80' lang='lat' dir='ltr'>Didone:</span> 
     </span>
    </p>
   </div>
   <div class='ocr_carea' id='block_1_3' title="bbox 341 624 1095 793">
    <p class='ocr_par' dir='ltr' id='par_1_3' title="bbox 341 624 1095 793">
     <span class='ocr_line' id='line_1_4' title="bbox 341 624 1021 706; baseline -0.022 -15"><span class='ocrx_word' id='word_1_21' title='bbox 341 633 398 690; x_wconf 88' lang='lat' dir='ltr'><strong>Nec</strong></span> <span class='ocrx_word' id='word_1_22' title='bbox 409 635 468 706; x_wconf 78' lang='lat' dir='ltr'><strong>J&#39;am</strong></span> <span class='ocrx_word' id='word_1_23' title='bbox 482 631 615 687; x_wconf 82' lang='lat' dir='ltr'><strong>furtivum</strong></span> <span class='ocrx_word' id='word_1_24' title='bbox 631 627 701 683; x_wconf 90' lang='lat' dir='ltr'><strong>Dido</strong></span> <span class='ocrx_word' id='word_1_25' title='bbox 715 624 865 681; x_wconf 77' lang='lat' dir='ltr'><strong>meditatur</strong></span> <span class='ocrx_word' id='word_1_26' title='bbox 880 639 1021 678; x_wconf 80' lang='lat' dir='ltr'><strong>amorem:</strong></span> 
     </span>
     <span class='ocr_line' id='line_1_5' title="bbox 343 710 1095 793; baseline -0.017 -14"><span class='ocrx_word' id='word_1_27' title='bbox 343 721 510 793; x_wconf 80' lang='lat' dir='ltr'><strong>GonJ&#39;ugium</strong></span> <span class='ocrx_word' id='word_1_28' title='bbox 525 724 617 787; x_wconf 79' lang='lat' dir='ltr'><strong>vocut3</strong></span> <span class='ocrx_word' id='word_1_29' title='bbox 634 717 687 770; x_wconf 88' lang='lat' dir='ltr'><strong>lroc</strong></span> <span class='ocrx_word' id='word_1_30' title='bbox 700 713 826 786; x_wconf 84' lang='lat' dir='ltr'><strong>praetexit</strong></span> <span class='ocrx_word' id='word_1_31' title='bbox 841 711 956 767; x_wconf 85' lang='lat' dir='ltr'><strong>nomino</strong></span> <span class='ocrx_word' id='word_1_32' title='bbox 972 710 1095 783; x_wconf 82' lang='lat' dir='ltr'><strong>culpam.</strong></span> 
     </span>
    </p>
   </div>
   <div class='ocr_carea' id='block_1_4' title="bbox 171 876 1150 1276">
    <p class='ocr_par' dir='ltr' id='par_1_4' title="bbox 171 876 1150 1170">
     <span class='ocr_line' id='line_1_6' title="bbox 171 876 1150 958; baseline -0.003 -15"><span class='ocrx_word' id='word_1_33' title='bbox 171 892 198 936; x_wconf 75' lang='lat'><strong>85</strong></span> <span class='ocrx_word' id='word_1_34' title='bbox 297 878 413 958; x_wconf 84' lang='lat' dir='ltr'><strong>Tertia,</strong></span> <span class='ocrx_word' id='word_1_35' title='bbox 437 878 557 942; x_wconf 82' lang='lat' dir='ltr'><strong>Lavinia</strong></span> <span class='ocrx_word' id='word_1_36' title='bbox 576 878 648 952; x_wconf 87' lang='lat' dir='ltr'><strong>luit,</strong></span> <span class='ocrx_word' id='word_1_37' title='bbox 671 877 858 940; x_wconf 81' lang='lat' dir='ltr'><strong>Albanorum</strong></span> <span class='ocrx_word' id='word_1_38' title='bbox 879 876 1150 955; x_wconf 76' lang='lat' dir='ltr'><strong>Romanorumque</strong></span> 
     </span>
     <span class='ocr_line' id='line_1_7' title="bbox 219 981 1150 1065; baseline -0.006 -15"><span class='ocrx_word' id='word_1_39' title='bbox 219 995 329 1061; x_wconf 86' lang='lat' dir='ltr'><strong>muter,</strong></span> <span class='ocrx_word' id='word_1_40' title='bbox 346 985 424 1065; x_wconf 77' lang='lat' dir='ltr'><strong>regis</strong></span> <span class='ocrx_word' id='word_1_41' title='bbox 441 984 538 1046; x_wconf 75' lang='lat' dir='ltr'><strong>hutini</strong></span> <span class='ocrx_word' id='word_1_42' title='bbox 554 984 613 1044; x_wconf 85' lang='lat' dir='ltr'><strong>filia</strong></span> <span class='ocrx_word' id='word_1_43' title='bbox 628 983 739 1063; x_wconf 86' lang='lat' dir='ltr'><strong>pariter</strong></span> <span class='ocrx_word' id='word_1_44' title='bbox 759 988 789 1044; x_wconf 91' lang='lat' dir='ltr'><strong>et</strong></span> <span class='ocrx_word' id='word_1_45' title='bbox 805 982 919 1044; x_wconf 83' lang='lat' dir='ltr'><strong>haeres:</strong></span> <span class='ocrx_word' id='word_1_46' title='bbox 939 981 964 1043; x_wconf 88' lang='lat' dir='ltr'><strong>si</strong></span> <span class='ocrx_word' id='word_1_47' title='bbox 980 1002 1089 1045; x_wconf 83' lang='lat' dir='ltr'><strong>uorum</strong></span> <span class='ocrx_word' id='word_1_48' title='bbox 1103 989 1150 1046; x_wconf 85' lang='lat' dir='ltr'><strong>est</strong></span> 
     </span>
     <span class='ocr_line' id='line_1_8' title="bbox 219 1089 1149 1170; baseline -0.005 -14"><span class='ocrx_word' id='word_1_49' title='bbox 219 1093 424 1158; x_wconf 88' lang='lat' dir='ltr'><strong>testimonium</strong></span> <span class='ocrx_word' id='word_1_50' title='bbox 436 1091 532 1152; x_wconf 82' lang='lat' dir='ltr'><strong>nostri</strong></span> <span class='ocrx_word' id='word_1_51' title='bbox 544 1093 638 1152; x_wconf 81' lang='lat' dir='ltr'><strong>Poetoe</strong></span> <span class='ocrx_word' id='word_1_52' title='bbox 653 1089 684 1152; x_wconf 95' lang='lat' dir='ltr'><strong>in</strong></span> <span class='ocrx_word' id='word_1_53' title='bbox 697 1092 813 1170; x_wconf 83' lang='lat' dir='ltr'><strong>ultimo,</strong></span> <span class='ocrx_word' id='word_1_54' title='bbox 827 1089 878 1151; x_wconf 91' lang='lat' dir='ltr'><strong>ubi</strong></span> <span class='ocrx_word' id='word_1_55' title='bbox 889 1091 1027 1153; x_wconf 86' lang='lat' dir='ltr'><strong>Turnum</strong></span> <span class='ocrx_word' id='word_1_56' title='bbox 1036 1089 1149 1154; x_wconf 82' lang='lat' dir='ltr'><strong>victum</strong></span> 
     </span>
    </p>

    <p class='ocr_par' dir='ltr' id='par_1_5' title="bbox 218 1194 1005 1276">
     <span class='ocr_line' id='line_1_9' title="bbox 218 1194 1005 1276; baseline -0.006 -13"><span class='ocrx_word' id='word_1_57' title='bbox 218 1198 390 1274; x_wconf 79' lang='lat' dir='ltr'><strong>introducit,</strong></span> <span class='ocrx_word' id='word_1_58' title='bbox 406 1202 544 1260; x_wconf 81' lang='lat' dir='ltr'><strong>orantem</strong></span> <span class='ocrx_word' id='word_1_59' title='bbox 562 1196 732 1276; x_wconf 77' lang='lat' dir='ltr'><strong>suppliciter</strong></span> <span class='ocrx_word' id='word_1_60' title='bbox 749 1197 787 1258; x_wconf 85' lang='lat' dir='ltr'><strong>ad</strong></span> <span class='ocrx_word' id='word_1_61' title='bbox 804 1197 929 1257; x_wconf 84' lang='lat' dir='ltr'><strong>AEneam</strong></span> <span class='ocrx_word' id='word_1_62' title='bbox 947 1194 1005 1258; x_wconf 80' lang='lat' dir='ltr'><strong>sic:</strong></span> 
     </span>
    </p>
   </div>
   <div class='ocr_carea' id='block_1_5' title="bbox 173 1362 979 1533">
    <p class='ocr_par' dir='ltr' id='par_1_6' title="bbox 173 1362 979 1533">
     <span class='ocr_line' id='line_1_10' title="bbox 343 1362 979 1435; baseline -0.003 -15"><span class='ocrx_word' id='word_1_63' title='bbox 343 1405 350 1420; x_wconf 92' lang='lat'><strong>.</strong></span> <span class='ocrx_word' id='word_1_64' title='bbox 372 1406 379 1420; x_wconf 93' lang='lat'><strong><em>.</em></strong></span> <span class='ocrx_word' id='word_1_65' title='bbox 400 1403 407 1419; x_wconf 93' lang='lat'><strong>.</strong></span> <span class='ocrx_word' id='word_1_66' title='bbox 429 1404 436 1418; x_wconf 91' lang='lat'><strong>.</strong></span> <span class='ocrx_word' id='word_1_67' title='bbox 456 1362 566 1432; x_wconf 82' lang='lat' dir='ltr'><strong>Vicisti3</strong></span> <span class='ocrx_word' id='word_1_68' title='bbox 582 1369 610 1418; x_wconf 84' lang='lat' dir='ltr'><strong>et</strong></span> <span class='ocrx_word' id='word_1_69' title='bbox 625 1363 728 1418; x_wconf 87' lang='lat' dir='ltr'><strong>victum</strong></span> <span class='ocrx_word' id='word_1_70' title='bbox 742 1362 856 1418; x_wconf 85' lang='lat' dir='ltr'><strong>tendere</strong></span> <span class='ocrx_word' id='word_1_71' title='bbox 871 1363 979 1435; x_wconf 85' lang='lat' dir='ltr'><strong>palmas</strong></span> 
     </span>
     <span class='ocr_line' id='line_1_11' title="bbox 173 1452 954 1533; baseline -0.003 -23"><span class='ocrx_word' id='word_1_72' title='bbox 173 1475 202 1520; x_wconf 85' lang='lat'><strong>90</strong></span> <span class='ocrx_word' id='word_1_73' title='bbox 342 1453 458 1510; x_wconf 84' lang='lat' dir='ltr'><strong>Ausonii</strong></span> <span class='ocrx_word' id='word_1_74' title='bbox 472 1452 574 1508; x_wconf 87' lang='lat' dir='ltr'><strong>videre.</strong></span> <span class='ocrx_word' id='word_1_75' title='bbox 591 1453 648 1508; x_wconf 87' lang='lat' dir='ltr'><strong>Tua</strong></span> <span class='ocrx_word' id='word_1_76' title='bbox 662 1459 704 1508; x_wconf 86' lang='lat' dir='ltr'><strong>est</strong></span> <span class='ocrx_word' id='word_1_77' title='bbox 718 1453 830 1533; x_wconf 64' lang='lat' dir='ltr'><strong>Lavinia</strong></span> <span class='ocrx_word' id='word_1_78' title='bbox 842 1453 954 1523; x_wconf 83' lang='lat' dir='ltr'><strong>conjux.</strong></span> 
     </span>
    </p>
   </div>
   <div class='ocr_carea' id='block_1_6' title="bbox 159 1623 1216 2320">
    <p class='ocr_par' dir='ltr' id='par_1_7' title="bbox 298 1623 1216 1704">
     <span class='ocr_line' id='line_1_12' title="bbox 298 1623 1216 1704; baseline -0.004 -18"><span class='ocrx_word' id='word_1_79' title='bbox 298 1624 370 1700; x_wconf 80' lang='lat' dir='ltr'><strong>Quae</strong></span> <span class='ocrx_word' id='word_1_80' title='bbox 382 1623 488 1686; x_wconf 78' lang='lat' dir='ltr'><strong>ultime</strong></span> <span class='ocrx_word' id='word_1_81' title='bbox 500 1643 577 1686; x_wconf 85' lang='lat' dir='ltr'><strong>uxor</strong></span> <span class='ocrx_word' id='word_1_82' title='bbox 590 1626 627 1685; x_wconf 84' lang='lat' dir='ltr'><strong>de</strong></span> <span class='ocrx_word' id='word_1_83' title='bbox 642 1625 725 1686; x_wconf 83' lang='lat' dir='ltr'><strong>ltalia</strong></span> <span class='ocrx_word' id='word_1_84' title='bbox 738 1624 805 1698; x_wconf 89' lang='lat' dir='ltr'><strong>fuit,</strong></span> <span class='ocrx_word' id='word_1_85' title='bbox 820 1623 947 1704; x_wconf 82' lang='lat' dir='ltr'><strong>Europae</strong></span> <span class='ocrx_word' id='word_1_86' title='bbox 962 1623 1083 1704; x_wconf 78' lang='lat' dir='ltr'><strong>regione</strong></span> <span class='ocrx_word' id='word_1_87' title='bbox 1097 1643 1150 1686; x_wconf 90' lang='lat' dir='ltr'><strong>no·</strong></span> <span class='ocrx_word' id='word_1_88' title='bbox 1211 1665 1216 1682; x_wconf 77' lang='lat'><em>.</em></span> 
     </span>
    </p>

    <p class='ocr_par' dir='ltr' id='par_1_8' title="bbox 217 1729 1148 1809">
     <span class='ocr_line' id='line_1_13' title="bbox 217 1729 1148 1809; baseline -0.001 -17"><span class='ocrx_word' id='word_1_89' title='bbox 217 1730 373 1792; x_wconf 86' lang='lat' dir='ltr'><strong>bilissima.</strong></span> <span class='ocrx_word' id='word_1_90' title='bbox 390 1729 445 1792; x_wconf 91' lang='lat' dir='ltr'><strong>His</strong></span> <span class='ocrx_word' id='word_1_91' title='bbox 461 1729 562 1808; x_wconf 81' lang='lat' dir='ltr'><strong>itaque</strong></span> <span class='ocrx_word' id='word_1_92' title='bbox 580 1730 619 1791; x_wconf 88' lang='lat' dir='ltr'><strong>ad</strong></span> <span class='ocrx_word' id='word_1_93' title='bbox 636 1729 814 1792; x_wconf 84' lang='lat' dir='ltr'><strong>evidentium</strong></span> <span class='ocrx_word' id='word_1_94' title='bbox 831 1731 1059 1809; x_wconf 84' lang='lat' dir='ltr'><strong>subadsumptae</strong></span> <span class='ocrx_word' id='word_1_95' title='bbox 1075 1749 1148 1808; x_wconf 64' lang='lat' dir='ltr'><strong>prae⁴</strong></span> 
     </span>
    </p>

    <p class='ocr_par' dir='ltr' id='par_1_9' title="bbox 159 1834 1150 1914">
     <span class='ocr_line' id='line_1_14' title="bbox 159 1834 1150 1914; baseline -0.002 -15"><span class='ocrx_word' id='word_1_96' title='bbox 159 1874 161 1879; x_wconf 93' lang='lat'>·</span> <span class='ocrx_word' id='word_1_97' title='bbox 218 1836 341 1912; x_wconf 82' lang='lat' dir='ltr'><strong>notulis,</strong></span> <span class='ocrx_word' id='word_1_98' title='bbox 355 1835 402 1897; x_wconf 92' lang='lat' dir='ltr'><strong>cui</strong></span> <span class='ocrx_word' id='word_1_99' title='bbox 415 1857 476 1898; x_wconf 89' lang='lat' dir='ltr'><strong>non</strong></span> <span class='ocrx_word' id='word_1_100' title='bbox 492 1836 564 1898; x_wconf 81' lang='lat' dir='ltr'><strong>satis</strong></span> <span class='ocrx_word' id='word_1_101' title='bbox 579 1855 759 1914; x_wconf 78' lang='lat' dir='ltr'><strong>persuasum</strong></span> <span class='ocrx_word' id='word_1_102' title='bbox 768 1843 828 1910; x_wconf 85' lang='lat' dir='ltr'><strong>est,</strong></span> <span class='ocrx_word' id='word_1_103' title='bbox 839 1835 967 1895; x_wconf 80' lang='lat' dir='ltr'><strong>Romani</strong></span> <span class='ocrx_word' id='word_1_104' title='bbox 977 1834 1080 1914; x_wconf 92' lang='lat' dir='ltr'><strong>populi</strong></span> <span class='ocrx_word' id='word_1_105' title='bbox 1094 1838 1150 1897; x_wconf 84' lang='lat' dir='ltr'><strong>Pa·</strong></span> 
     </span>
    </p>

    <p class='ocr_par' dir='ltr' id='par_1_10' title="bbox 218 1940 1147 2023">
     <span class='ocr_line' id='line_1_15' title="bbox 218 1940 1147 2023; baseline -0.004 -17"><span class='ocrx_word' id='word_1_106' title='bbox 218 1950 296 2006; x_wconf 88' lang='lat' dir='ltr'><strong>trem</strong></span> <span class='ocrx_word' id='word_1_107' title='bbox 313 1951 342 2006; x_wconf 88' lang='lat' dir='ltr'><strong>et</strong></span> <span class='ocrx_word' id='word_1_108' title='bbox 355 1964 409 2023; x_wconf 89' lang='lat' dir='ltr'><strong>per</strong></span> <span class='ocrx_word' id='word_1_109' title='bbox 426 1962 613 2020; x_wconf 86' lang='lat' dir='ltr'><strong>consequens</strong></span> <span class='ocrx_word' id='word_1_110' title='bbox 630 1941 730 2020; x_wconf 89' lang='lat' dir='ltr'><strong>ipsum</strong></span> <span class='ocrx_word' id='word_1_111' title='bbox 746 1942 907 2020; x_wconf 87' lang='lat' dir='ltr'><strong>Populum,</strong></span> <span class='ocrx_word' id='word_1_112' title='bbox 926 1940 1147 2003; x_wconf 90' lang='lat' dir='ltr'><strong>nobilissimum</strong></span> 
     </span>
    </p>

    <p class='ocr_par' dir='ltr' id='par_1_11' title="bbox 170 2044 1147 2125">
     <span class='ocr_line' id='line_1_16' title="bbox 170 2044 1147 2125; baseline -0.001 -19"><span class='ocrx_word' id='word_1_113' title='bbox 170 2062 197 2106; x_wconf 82' lang='lat' dir='ltr'><strong>os</strong></span> <span class='ocrx_word' id='word_1_114' title='bbox 216 2049 309 2112; x_wconf 87' lang='lat' dir='ltr'><strong>luisse</strong></span> <span class='ocrx_word' id='word_1_115' title='bbox 323 2049 380 2110; x_wconf 85' lang='lat' dir='ltr'><strong>sub</strong></span> <span class='ocrx_word' id='word_1_116' title='bbox 389 2047 490 2108; x_wconf 84' lang='lat' dir='ltr'><strong>Coelo?</strong></span> <span class='ocrx_word' id='word_1_117' title='bbox 504 2046 565 2107; x_wconf 81' lang='lat' dir='ltr'><strong>Aut</strong></span> <span class='ocrx_word' id='word_1_118' title='bbox 581 2065 672 2123; x_wconf 88' lang='lat' dir='ltr'><strong>quem</strong></span> <span class='ocrx_word' id='word_1_119' title='bbox 684 2046 714 2106; x_wconf 93' lang='lat' dir='ltr'><strong>in</strong></span> <span class='ocrx_word' id='word_1_120' title='bbox 727 2045 777 2107; x_wconf 93' lang='lat' dir='ltr'><strong>illo</strong></span> <span class='ocrx_word' id='word_1_121' title='bbox 792 2044 899 2125; x_wconf 82' lang='lat' dir='ltr'><strong>duplici</strong></span> <span class='ocrx_word' id='word_1_122' title='bbox 912 2065 1062 2108; x_wconf 86' lang='lat' dir='ltr'><strong>concursu</strong></span> <span class='ocrx_word' id='word_1_123' title='bbox 1079 2064 1147 2106; x_wconf 87' lang='lat' dir='ltr'><strong>san-</strong></span> 
     </span>
    </p>

    <p class='ocr_par' dir='ltr' id='par_1_12' title="bbox 217 2149 1148 2320">
     <span class='ocr_line' id='line_1_17' title="bbox 217 2149 1148 2230; baseline -0.003 -16"><span class='ocrx_word' id='word_1_124' title='bbox 217 2153 313 2230; x_wconf 81' lang='lat' dir='ltr'><strong>guinis</strong></span> <span class='ocrx_word' id='word_1_125' title='bbox 329 2173 348 2214; x_wconf 86' lang='lat' dir='ltr'><strong>u</strong></span> <span class='ocrx_word' id='word_1_126' title='bbox 364 2153 495 2230; x_wconf 81' lang='lat' dir='ltr'><strong>qualibet</strong></span> <span class='ocrx_word' id='word_1_127' title='bbox 515 2150 723 2230; x_wconf 85' lang='lat' dir='ltr'><strong>mundipurte</strong></span> <span class='ocrx_word' id='word_1_128' title='bbox 745 2151 776 2212; x_wconf 92' lang='lat' dir='ltr'><strong>in</strong></span> <span class='ocrx_word' id='word_1_129' title='bbox 798 2169 892 2212; x_wconf 91' lang='lat' dir='ltr'><strong>uuum</strong></span> <span class='ocrx_word' id='word_1_130' title='bbox 913 2151 1011 2214; x_wconf 84' lang='lat' dir='ltr'><strong>virum</strong></span> <span class='ocrx_word' id='word_1_131' title='bbox 1030 2149 1148 2212; x_wconf 68' lang='lat' dir='ltr'><strong>Prode-⁴</strong></span> 
     </span>
     <span class='ocr_line' id='line_1_18' title="bbox 217 2254 593 2320; baseline -0.016 0"><span class='ocrx_word' id='word_1_132' title='bbox 217 2256 338 2320; x_wconf 86' lang='lat' dir='ltr'><strong>stinatio</strong></span> <span class='ocrx_word' id='word_1_133' title='bbox 354 2255 453 2318; x_wconf 82' lang='lat' dir='ltr'><strong>divina</strong></span> <span class='ocrx_word' id='word_1_134' title='bbox 469 2254 593 2316; x_wconf 76' lang='lat' dir='ltr'><strong>latebit?</strong></span> 
     </span>
    </p>
   </div>
   <div class='ocr_carea' id='block_1_7' title="bbox 603 2527 767 2591">
    <p class='ocr_par' dir='ltr' id='par_1_13' title="bbox 603 2527 767 2591">
     <span class='ocr_line' id='line_1_19' title="bbox 603 2527 767 2591; baseline 0.012 -2"><span class='ocrx_word' id='word_1_135' title='bbox 603 2527 701 2590; x_wconf 76' lang='lat' dir='ltr'><strong>Gneus</strong></span> <span class='ocrx_word' id='word_1_136' title='bbox 720 2528 767 2591; x_wconf 88' lang='lat' dir='ltr'><strong>lV.</strong></span> 
     </span>
    </p>
   </div>
   <div class='ocr_carea' id='block_1_8' title="bbox 317 2712 1051 2840">
    <p class='ocr_par' dir='ltr' id='par_1_14' title="bbox 317 2712 1051 2840">
     <span class='ocr_line' id='line_1_20' title="bbox 317 2712 1051 2769; baseline -0.001 -10"><span class='ocrx_word' id='word_1_137' title='bbox 317 2715 454 2759; x_wconf 77' lang='lat' dir='ltr'><strong>Romanum</strong></span> <span class='ocrx_word' id='word_1_138' title='bbox 465 2713 606 2768; x_wconf 83' lang='lat' dir='ltr'><strong>imperium,</strong></span> <span class='ocrx_word' id='word_1_139' title='bbox 619 2713 794 2758; x_wconf 78' lang='lat' dir='ltr'><strong>miraculorum</strong></span> <span class='ocrx_word' id='word_1_140' title='bbox 805 2712 919 2767; x_wconf 71' lang='lat' dir='ltr'><strong>suffragio</strong></span> <span class='ocrx_word' id='word_1_141' title='bbox 931 2712 1051 2769; x_wconf 66' lang='lat' dir='ltr'><strong>adiutum,</strong></span> 
     </span>
     <span class='ocr_line' id='line_1_21' title="bbox 551 2796 817 2840; baseline -0.011 -1"><span class='ocrx_word' id='word_1_142' title='bbox 551 2806 565 2839; x_wconf 81' lang='lat' dir='ltr'><strong>a</strong></span> <span class='ocrx_word' id='word_1_143' title='bbox 578 2796 627 2839; x_wconf 84' lang='lat' dir='ltr'><strong>Deo</strong></span> <span class='ocrx_word' id='word_1_144' title='bbox 641 2797 743 2840; x_wconf 83' lang='lat' dir='ltr'><strong>volitum</strong></span> <span class='ocrx_word' id='word_1_145' title='bbox 756 2803 817 2838; x_wconf 82' lang='lat' dir='ltr'><strong>esso.</strong></span> 
     </span>
    </p>
   </div>
   <div class='ocr_carea' id='block_1_9' title="bbox 185 2995 1146 3611">
    <p class='ocr_par' dir='ltr' id='par_1_15' title="bbox 185 2995 1146 3611">
     <span class='ocr_line' id='line_1_22' title="bbox 206 2995 1146 3075; baseline 0.003 -18"><span class='ocrx_word' id='word_1_146' title='bbox 206 3069 207 3072; x_wconf 8' lang='grc' dir='ltr'><strong>Ἴ</strong></span> <span class='ocrx_word' id='word_1_147' title='bbox 318 2997 392 3058; x_wconf 90' lang='lat' dir='ltr'><strong>illud</strong></span> <span class='ocrx_word' id='word_1_148' title='bbox 409 3015 545 3075; x_wconf 87' lang='lat' dir='ltr'><strong>quoque,</strong></span> <span class='ocrx_word' id='word_1_149' title='bbox 563 2996 644 3074; x_wconf 92' lang='lat' dir='ltr'><strong>quod</strong></span> <span class='ocrx_word' id='word_1_150' title='bbox 661 2997 700 3057; x_wconf 85' lang='lat' dir='ltr'><strong>ad</strong></span> <span class='ocrx_word' id='word_1_151' title='bbox 720 2995 766 3058; x_wconf 90' lang='lat' dir='ltr'><strong>sui</strong></span> <span class='ocrx_word' id='word_1_152' title='bbox 785 2996 998 3075; x_wconf 87' lang='lat' dir='ltr'><strong>perlectionem</strong></span> <span class='ocrx_word' id='word_1_153' title='bbox 1018 2995 1146 3060; x_wconf 84' lang='lat' dir='ltr'><strong>miracu·</strong></span> 
     </span>
     <span class='ocr_line' id='line_1_23' title="bbox 217 3103 1145 3185; baseline -0.001 -19"><span class='ocrx_word' id='word_1_154' title='bbox 217 3106 316 3169; x_wconf 90' lang='lat' dir='ltr'><strong>lorum</strong></span> <span class='ocrx_word' id='word_1_155' title='bbox 332 3106 471 3185; x_wconf 63' lang='lat' dir='ltr'><strong>suffragio</strong></span> <span class='ocrx_word' id='word_1_156' title='bbox 485 3106 619 3184; x_wconf 83' lang='lat' dir='ltr'><strong>juratur,</strong></span> <span class='ocrx_word' id='word_1_157' title='bbox 638 3111 683 3165; x_wconf 88' lang='lat' dir='ltr'><strong>est</strong></span> <span class='ocrx_word' id='word_1_158' title='bbox 700 3123 718 3164; x_wconf 85' lang='lat' dir='ltr'><strong>a</strong></span> <span class='ocrx_word' id='word_1_159' title='bbox 734 3103 797 3164; x_wconf 86' lang='lat' dir='ltr'><strong>Deo</strong></span> <span class='ocrx_word' id='word_1_160' title='bbox 813 3105 945 3164; x_wconf 78' lang='lat' dir='ltr'><strong>volitum:</strong></span> <span class='ocrx_word' id='word_1_161' title='bbox 959 3111 988 3165; x_wconf 88' lang='lat' dir='ltr'><strong>et</strong></span> <span class='ocrx_word' id='word_1_162' title='bbox 1005 3123 1060 3183; x_wconf 87' lang='lat' dir='ltr'><strong>per</strong></span> <span class='ocrx_word' id='word_1_163' title='bbox 1076 3123 1145 3166; x_wconf 90' lang='lat' dir='ltr'><strong>oon·</strong></span> 
     </span>
     <span class='ocr_line' id='line_1_24' title="bbox 217 3203 1146 3294; baseline -0.006 -18"><span class='ocrx_word' id='word_1_164' title='bbox 217 3203 361 3294; x_wconf 86' lang='lat' dir='ltr'><strong>sequens,</strong></span> <span class='ocrx_word' id='word_1_165' title='bbox 375 3216 413 3277; x_wconf 87' lang='lat' dir='ltr'><strong>de</strong></span> <span class='ocrx_word' id='word_1_166' title='bbox 428 3215 499 3277; x_wconf 80' lang='lat' dir='ltr'><strong>lure</strong></span> <span class='ocrx_word' id='word_1_167' title='bbox 513 3214 554 3276; x_wconf 86' lang='lat' dir='ltr'><strong>fit.</strong></span> <span class='ocrx_word' id='word_1_168' title='bbox 572 3215 610 3276; x_wconf 82' lang='lat' dir='ltr'><strong>Et</strong></span> <span class='ocrx_word' id='word_1_169' title='bbox 624 3214 704 3293; x_wconf 90' lang='lat' dir='ltr'><strong>quod</strong></span> <span class='ocrx_word' id='word_1_170' title='bbox 719 3211 775 3273; x_wconf 80' lang='lat' dir='ltr'><strong>isto</strong></span> <span class='ocrx_word' id='word_1_171' title='bbox 792 3211 947 3285; x_wconf 67' lang='lat' dir='ltr'><strong>sinisera,</strong></span> <span class='ocrx_word' id='word_1_172' title='bbox 963 3215 1058 3290; x_wconf 84' lang='lat' dir='ltr'><strong>patet,</strong></span> <span class='ocrx_word' id='word_1_173' title='bbox 1074 3208 1146 3290; x_wconf 80' lang='lat' dir='ltr'><strong>quin</strong></span> 
     </span>
     <span class='ocr_line' id='line_1_25' title="bbox 217 3317 1144 3384; baseline -0.006 0"><span class='ocrx_word' id='word_1_174' title='bbox 217 3322 294 3384; x_wconf 91' lang='lat' dir='ltr'><strong>sicut</strong></span> <span class='ocrx_word' id='word_1_175' title='bbox 310 3319 379 3382; x_wconf 92' lang='lat' dir='ltr'><strong>dicit</strong></span> <span class='ocrx_word' id='word_1_176' title='bbox 391 3321 524 3382; x_wconf 86' lang='lat' dir='ltr'><strong>Thomas</strong></span> <span class='ocrx_word' id='word_1_177' title='bbox 541 3321 572 3382; x_wconf 93' lang='lat' dir='ltr'><strong>in</strong></span> <span class='ocrx_word' id='word_1_178' title='bbox 588 3322 672 3382; x_wconf 73' lang='lat' dir='ltr'><strong>tertio</strong></span> <span class='ocrx_word' id='word_1_179' title='bbox 685 3339 740 3381; x_wconf 91' lang='lat' dir='ltr'><strong>suo</strong></span> <span class='ocrx_word' id='word_1_180' title='bbox 754 3326 855 3381; x_wconf 84' lang='lat' dir='ltr'><strong>contro</strong></span> <span class='ocrx_word' id='word_1_181' title='bbox 873 3319 1011 3381; x_wconf 77' lang='lat' dir='ltr'><strong>Gentiles:</strong></span> <span class='ocrx_word' id='word_1_182' title='bbox 1022 3339 1037 3372; x_wconf 72' lang='grc' dir='ltr'><strong>ι</strong></span> <span class='ocrx_word' id='word_1_183' title='bbox 1050 3317 1144 3378; x_wconf 80' lang='lat' dir='ltr'><strong>Miro·</strong></span> 
     </span>
     <span class='ocr_line' id='line_1_26' title="bbox 185 3425 1144 3506; baseline -0.007 -17"><span class='ocrx_word' id='word_1_184' title='bbox 185 3437 198 3482; x_wconf 82' lang='lat' dir='ltr'><strong>t</strong></span> <span class='ocrx_word' id='word_1_185' title='bbox 217 3431 312 3490; x_wconf 82' lang='lat' dir='ltr'><strong>cutum</strong></span> <span class='ocrx_word' id='word_1_186' title='bbox 325 3436 379 3505; x_wconf 81' lang='lat' dir='ltr'><strong>eut,</strong></span> <span class='ocrx_word' id='word_1_187' title='bbox 387 3429 463 3506; x_wconf 79' lang='lat' dir='ltr'><strong>quod</strong></span> <span class='ocrx_word' id='word_1_188' title='bbox 470 3435 581 3505; x_wconf 79' lang='lat' dir='ltr'><strong>proeter</strong></span> <span class='ocrx_word' id='word_1_189' title='bbox 590 3429 721 3488; x_wconf 80' lang='lat' dir='ltr'><strong>ordinem</strong></span> <span class='ocrx_word' id='word_1_190' title='bbox 732 3428 765 3487; x_wconf 80' lang='lat' dir='ltr'><strong>in</strong></span> <span class='ocrx_word' id='word_1_191' title='bbox 774 3427 859 3487; x_wconf 70' lang='lat' dir='ltr'><strong>reduc</strong></span> <span class='ocrx_word' id='word_1_192' title='bbox 870 3425 1053 3487; x_wconf 81' lang='lat' dir='ltr'><strong>communiter</strong></span> <span class='ocrx_word' id='word_1_193' title='bbox 1062 3425 1144 3484; x_wconf 82' lang='lat' dir='ltr'><strong>insti·</strong></span> 
     </span>
     <span class='ocr_line' id='line_1_27' title="bbox 217 3530 1144 3611; baseline -0.004 -18"><span class='ocrx_word' id='word_1_194' title='bbox 217 3541 322 3611; x_wconf 85' lang='lat' dir='ltr'><strong>tutum,</strong></span> <span class='ocrx_word' id='word_1_195' title='bbox 337 3535 475 3594; x_wconf 81' lang='lat' dir='ltr'><strong>divinitus</strong></span> <span class='ocrx_word' id='word_1_196' title='bbox 486 3534 527 3607; x_wconf 81' lang='lat' dir='ltr'><strong>fit.</strong></span> <span class='ocrx_word' id='word_1_197' title='bbox 542 3553 556 3585; x_wconf 72' lang='lat' dir='ltr'><strong>s</strong></span> <span class='ocrx_word' id='word_1_198' title='bbox 571 3532 656 3592; x_wconf 88' lang='lat' dir='ltr'><strong>Unde</strong></span> <span class='ocrx_word' id='word_1_199' title='bbox 666 3532 730 3609; x_wconf 89' lang='lat' dir='ltr'><strong>ipse</strong></span> <span class='ocrx_word' id='word_1_200' title='bbox 744 3533 864 3611; x_wconf 85' lang='lat' dir='ltr'><strong>probat,</strong></span> <span class='ocrx_word' id='word_1_201' title='bbox 879 3532 935 3592; x_wconf 88' lang='lat' dir='ltr'><strong>soli</strong></span> <span class='ocrx_word' id='word_1_202' title='bbox 948 3530 1011 3592; x_wconf 90' lang='lat' dir='ltr'><strong>Deo</strong></span> <span class='ocrx_word' id='word_1_203' title='bbox 1025 3547 1144 3606; x_wconf 87' lang='lat' dir='ltr'><strong>compe·</strong></span> 
     </span>
    </p>
   </div>
   <div class='ocr_carea' id='block_1_10' title="bbox 0 0 1300 4038">
    <p class='ocr_par' dir='ltr' id='par_1_16' title="bbox 0 0 1300 4038">
     <span class='ocr_line' id='line_1_28' title="bbox 0 0 1300 4038; baseline 0 2"><span class='ocrx_word' id='word_1_204' title='bbox 0 0 1300 4038; x_wconf 95' lang='lat' dir='ltr'><strong> </strong></span> 
     </span>
    </p>
   </div>
  </div>
 </body>
</html>
