2560 4022
273 179 313 235 30
547 187 585 230 oc
603 185 728 230 vunnim
746 185 938 236 mocunnrm.
1037 205 1041 213 -

279 341 408 401 rumque
432 321 557 395 finibus,
578 324 609 381 ct
635 320 756 381 Oceano
780 312 960 394 limitantur)
983 316 1082 377 solum
1111 333 1212 376 unum

278 429 405 494 obtinuit
424 427 548 502 idioma,
566 427 635 488 licet
654 430 760 506 postea
780 445 834 504 per
854 424 1029 496 Sclarones,
1052 423 1211 501 Ungaros,

279 537 458 600 Teutonicos
464 581 472 611 ,
486 535 622 596 Saxones
628 579 635 609 ,
650 532 806 612 Anglicos,
822 537 852 592 et
864 531 936 592 alias
952 529 1088 591 nationes
1104 548 1212 606 quam·

277 647 391 726 plures,
409 643 497 706 fuerit
512 663 566 722 per
580 641 698 703 diversa
711 638 851 718 Vulgaria
868 637 1049 712 derivatum
1065 636 1126 697 hoc
1143 636 1212 696 solo

229 762 260 807 an
279 751 341 812 sere
370 749 510 811 omnibus
537 747 568 808 in
594 746 712 825 signum
738 747 875 824 ejusdem
900 745 1033 824 principii
1053 751 1209 819 remanet,

279 857 359 936 quod
381 856 468 934 quasi
486 853 618 933 praedicti
635 870 741 914 omnes
757 853 795 913 Jd
815 851 994 912 affimnando
1011 852 1210 931 respondent.

278 962 325 1023 Ah
345 962 402 1022 isto
418 961 561 1039 incipiens
581 959 735 1033 idiomate,
756 958 891 1020 videlicet
908 979 926 1020 a
947 957 1055 1018 finibus
1073 957 1212 1034 Ungaro-

279 1089 347 1130 rum
363 1087 468 1129 versus
485 1067 653 1142 Orientem,
674 1066 754 1127 aliud
771 1064 928 1144 occupavit
947 1070 1044 1126 totum
1065 1065 1146 1142 quod
1167 1064 1209 1124 ab

277 1176 347 1236 inde
363 1180 487 1238 vocatur
504 1175 635 1254 Europa,
652 1194 710 1236 nec
726 1193 788 1236 non
804 1175 928 1236 ulterius
947 1180 993 1236 est
1009 1180 1208 1253 protractum.

226 1299 258 1345 50
277 1283 388 1344 Totum
404 1288 521 1356 autem,
539 1284 620 1361 quod
635 1283 667 1344 in
683 1283 804 1360 Europa
820 1289 915 1343 restat
932 1283 970 1342 ab
987 1280 1066 1354 istis,
1084 1263 1210 1342 tertium

278 1388 373 1451 tenuit
392 1389 517 1463 idioma,
538 1389 607 1449 licet
626 1408 707 1449 nunc
723 1387 869 1448 trifarium
891 1387 1035 1449 videatur.
1057 1387 1135 1448 Nam
1158 1387 1209 1448 alii

278 1495 336 1573 Oc,
362 1493 411 1554 alii
438 1477 502 1573 Ort,
527 1493 575 1554 alii
599 1494 633 1554 st
664 1493 843 1554 affirmando
870 1491 1049 1570 loquuntur,
1077 1497 1210 1570 utputa

267 1601 415 1681 Hispani,
431 1600 538 1663 Franci
556 1607 586 1662 et
605 1599 711 1661 Latini.
730 1598 855 1677 Signum
871 1604 974 1660 autem
991 1599 1071 1677 quod
1087 1599 1125 1659 ab
1143 1619 1208 1660 nno

278 1708 444 1784 codemque
457 1707 598 1769 idiomate
615 1706 742 1769 istarum
760 1705 850 1768 trium
866 1706 1001 1784 gentium
1016 1705 1208 1784 progredian-

224 1831 255 1876 ct
277 1820 325 1877 tur
345 1815 497 1892 vulgaria,
518 1815 550 1877 in
570 1821 710 1895 promptu
731 1819 792 1890 est,
814 1813 884 1894 quia
904 1815 1000 1875 multa
1019 1833 1073 1893 per
1098 1814 1208 1874 eadem

276 1919 422 1979 vocabula
442 1918 599 1979 nominare
619 1919 769 1993 videntur,
792 1927 825 1981 ut
845 1923 953 2000 Deum,
979 1921 1099 1999 Ocelum,
1120 1923 1209 1982 Amo

276 2047 352 2100 reon,
374 2026 473 2103 More,
496 2029 630 2104 Terram,
651 2030 681 2086 et
707 2027 795 2104 Vicit,
811 2028 957 2107 Moritur,
975 2029 1076 2106 Amat,
1097 2034 1127 2088 et
1148 2029 1209 2090 alia

276 2131 339 2192 iere
355 2129 465 2190 omnia.
482 2130 613 2190 Istorum
633 2149 704 2190 vero
720 2130 907 2207 proferentes
930 2131 982 2210 Oc,
1003 2129 1204 2192 Meridionalis

276 2238 404 2314 Europae
429 2241 533 2297 tenent
557 2241 676 2314 partem
700 2235 938 2312 Occidentalem,
965 2259 984 2299 a
1007 2239 1205 2300 danuensium

224 2343 384 2411 infinibus
411 2342 595 2422 incipientes.
625 2341 681 2417 Qui
702 2349 804 2404 autem
824 2342 859 2404 St
879 2343 992 2417 dicunt,
1019 2364 1037 2404 a
1057 2341 1205 2421 praedictis

275 2446 385 2508 finibus
405 2444 589 2508 Orientalem
605 2443 721 2520 tenent,
743 2445 876 2508 videlicet
893 2467 989 2526 usque
1006 2449 1045 2508 ad
1064 2467 1205 2526 promon-

275 2555 387 2617 torium
405 2553 479 2615 illud
499 2552 603 2627 ltaliae,
628 2571 688 2630 qua
709 2551 792 2614 sinus
813 2553 953 2615 Adriatici
976 2554 1067 2614 maris
1087 2553 1204 2632 incipit,

276 2667 306 2721 et
326 2660 433 2722 Sicilia.
461 2660 522 2722 Sed
549 2661 706 2739 loquentes
734 2662 799 2740 oc,
823 2651 1051 2740 quodammodo·
1070 2660 1205 2738 Septem-

265 2763 417 2826 ⁴trionales
438 2769 509 2824 sunt
524 2769 663 2844 respectu
685 2764 827 2841 istorum;
844 2787 916 2828 nam
932 2769 971 2830 ab
991 2768 1113 2829 Oriente
1134 2769 1205 2830 Ala-

224 2892 254 2936 45
277 2892 406 2934 mannos
420 2872 533 2933 habent
547 2876 578 2934 et
591 2893 610 2934 a
625 2871 844 2950 septemtrione
858 2876 897 2935 ab
908 2874 1068 2938 Occidente
1078 2875 1201 2954 Anglico

275 2978 351 3039 mari
370 2979 470 3040 vallati
497 2987 579 3056 sunt,
601 2984 632 3040 ct
650 2978 804 3040 montibus
823 2979 980 3060 Aragoniae
1000 2979 1163 3057 terminati,
1185 3004 1204 3044 a

276 3085 397 3146 Meridie
415 3101 535 3165 quoque
549 3085 794 3161 provincialibus,
810 3093 840 3150 et
851 3087 1021 3168 Appennini
1036 3091 1201 3154 devexione

272 3199 463 3260 clauduntur.
