2560 4022
246 197 282 254 52
516 205 553 247 nn
571 205 696 248 vunonnr
715 205 907 255 moounuma.
941 209 946 236 ³
980 173 981 176 ¹

248 338 359 419 ptionis
367 382 375 411 ,
391 356 483 415 quam
496 355 591 414 equus
605 335 718 412 militis;
735 341 764 397 et
778 336 900 417 optimis
915 335 1056 398 militibus
1071 337 1181 417 optimi

249 447 425 512 conveniant
442 444 523 522 equi,
540 443 658 521 optimis
673 442 932 522 conceptionibus,
945 449 978 504 ut
991 443 1102 504 dictum
1116 448 1181 518 est,

203 572 232 617 oo
251 556 362 636 optima
374 553 493 632 loquela
506 549 668 612 conveniet.
682 549 742 610 Sed
757 549 876 628 optimae
891 549 1100 628 conceptiones
1114 569 1182 611 non

248 671 376 744 possunt
400 680 482 734 esse,
502 658 559 720 nisi
579 657 630 719 ubi
651 657 774 720 scientia
797 662 825 718 et
845 655 998 734 ingenium
1019 661 1078 730 est;
1104 673 1181 735 ergo

226 753 362 849 ¹optima
381 769 500 846 loquela
526 787 588 828 non
610 764 748 828 convenit
773 763 830 828 nisi
855 762 927 836 illis,
951 760 1111 838 inquibus
1133 760 1180 820 in·

248 878 369 956 genium
386 883 416 936 et
432 873 556 935 scientia
573 877 631 946 est;
643 877 673 933 et
689 871 731 932 sic
747 889 809 930 non
828 867 969 930 omnibus
983 866 1181 928 versificanti-

248 981 306 1040 bus
320 977 432 1056 optima
444 977 564 1054 loquela
577 974 714 1036 convenit
727 975 810 1050 (cum
825 973 958 1052 plerique
975 973 1040 1034 sine
1056 972 1185 1034 scientia

202 1098 229 1142 55
248 1092 279 1148 et
297 1085 416 1163 ingenio
435 1082 665 1180 versificentur),
688 1085 717 1142 et
737 1099 791 1158 per
808 1098 1010 1156 consequens,
1030 1097 1087 1139 nec
1107 1077 1184 1156 opti·

249 1211 336 1252 mum
355 1191 492 1268 Vulgare.
519 1191 618 1264 Quare
642 1189 667 1248 si
693 1206 755 1247 non
781 1185 919 1248 omnibus
941 1184 1092 1255 convenit,
1116 1203 1180 1245 non

251 1318 357 1360 omnes
381 1299 481 1377 ipsum
506 1299 616 1358 debent
641 1294 701 1369 uti;
729 1291 798 1371 quia
822 1289 1063 1352 inconvenienter
1090 1308 1184 1366 agere

250 1401 349 1461 nullus
370 1383 468 1462 debet.
488 1400 526 1460 Et
545 1384 717 1460 ubidicitur
738 1397 818 1474 quod
839 1395 960 1474 quilibet
982 1415 1053 1456 suos
1074 1402 1182 1457 versus

252 1488 399 1568 exornare
418 1509 507 1568 debet
526 1507 557 1567 in
578 1509 724 1583 quantum
741 1508 856 1581 potest,
874 1520 979 1562 verum
1002 1520 1069 1561 esse
1087 1505 1184 1560 testa·

204 1625 233 1671 oo
250 1632 333 1687 mur;
349 1613 403 1674 sed
416 1632 472 1673 nec
487 1615 595 1672 bovem
608 1610 828 1690 ephippiatum,
843 1629 900 1670 nec
914 1609 1082 1669 balteatum
1094 1628 1181 1668 suem

251 1722 385 1783 dicemus
410 1726 562 1802 ornatum,
586 1720 679 1781 immo
705 1719 803 1797 potius
830 1719 1024 1794 deturpatum
1048 1715 1183 1775 ridemus

251 1829 347 1902 illum;
364 1833 411 1888 est
427 1827 507 1889 enim
523 1825 676 1888 exornatio
693 1824 819 1902 alicujus
839 1820 1043 1884 convenientis
1060 1818 1183 1880 additio.

252 1936 299 1998 Ad
313 1938 386 1998 illud
401 1935 452 1997 ubi
468 1935 586 2008 dicitur,
604 1933 685 2010 quod
701 1932 859 2009 superiora
877 1928 1066 1990 inferioribus
1089 1927 1183 1988 admi-

252 2049 304 2102 xta
319 2040 487 2118 perlectum
503 2039 666 2110 adducunt,
685 2036 811 2097 dicimus
830 2056 937 2096 verum
957 2053 1036 2106 esse,
1059 2033 1183 2108 quando

206 2135 234 2210 oa
253 2149 351 2206 cesset
364 2143 515 2216 discretio,
529 2147 603 2220 puta
617 2142 642 2202 si
656 2161 765 2202 aurum
780 2161 851 2202 cum
866 2144 989 2220 argento
1004 2137 1183 2199 conflemus:

188 2247 192 2254 ’
254 2251 308 2311 sed
328 2248 353 2310 si
372 2248 510 2310 discretio
523 2251 672 2320 remanet,
689 2246 829 2308 inferiora
849 2245 1008 2319 vilescunt,
1025 2249 1099 2322 puta
1114 2263 1184 2304 cum

253 2358 393 2419 formosae
413 2356 554 2418 mulieres
575 2355 758 2418 deformibus
775 2355 990 2417 admiscentur.
1011 2353 1099 2414 Unde
1114 2371 1184 2413 cum

253 2463 400 2552 sententia
416 2461 648 2524 versificantium
664 2482 784 2542 semper
794 2463 901 2524 ¹verbis
918 2461 1074 2523 discretive
1088 2460 1183 2522 mixta

253 2578 422 2644 remaneat,
437 2571 537 2630 sinon
550 2569 638 2631 fuerit
651 2569 774 2649 optima,
790 2570 905 2650 optimo
921 2561 1034 2630 sociata
1048 2566 1181 2646 Vulgari,

208 2699 236 2744 70
253 2696 315 2738 non
327 2677 444 2752 melior,
461 2677 514 2738 sed
528 2677 656 2739 deterior
670 2678 838 2758 apparebit,
853 2679 1112 2757 quemadmodum
1125 2685 1184 2739 tur·

256 2783 301 2864 pis
318 2785 440 2859 mulier,
458 2785 483 2846 si
501 2804 573 2845 auro
590 2785 636 2845 vel
652 2783 746 2845 serico
763 2784 921 2846 vestiatur.

644 3028 741 3090 Carus
761 3031 795 3090 ll.

366 3236 395 3280 ln
404 3249 452 3291 qua
460 3239 562 3283 materia
570 3237 698 3282 conveniat
706 3239 792 3281 ornata
800 3237 942 3290 Eloquentia
953 3235 1075 3291 vairam.

340 3429 505 3504 Postquam
528 3445 589 3487 non
617 3444 722 3488 omnes
747 3425 964 3498 versificantes,
993 3401 1047 3485 sed
1066 3430 1184 3487 tantum

261 3529 525 3592 excellentissimos
537 3532 652 3594 illustre
668 3532 710 3593 uti
726 3531 852 3608 Vulgare
862 3532 971 3592 debere
987 3529 1182 3605 astruximus
1271 3597 1272 3600 ,
