2578 4038
246 252 300 308 298
598 269 635 308 on
653 269 831 312 uouendum.

249 396 306 457 hoc
325 395 548 474 infringendum
574 397 652 469 dico,
676 397 755 474 quod
777 395 849 456 nihil
872 394 992 469 dicunt;
1015 394 1175 472 usurpatio

249 497 329 559 enim
345 497 423 559 Juris
440 519 500 560 non
514 500 585 560 facit
600 501 665 560 Jas.
681 499 760 560 Nam
777 501 802 561 si
819 501 874 573 sic,
886 502 994 562 eodem
1010 503 1103 562 modo
1114 502 1176 562 Au·

249 605 370 668 ctoritas
388 608 518 666 Ecclesia
538 607 715 685 probaretur
731 607 901 684 dependere
917 608 956 668 ab
973 608 1175 686 Irnperatore,·

247 721 408 793 postquam
424 715 502 776 Otho
520 716 684 794 Imperator
702 715 835 775 Leonem
849 716 962 794 Papam
979 716 1126 789 restituit,
1145 725 1176 778 et

184 829 226 874 tro
246 822 443 883 Benedictum
458 823 608 902 deposuit,
625 841 681 884 nec
698 841 758 882 non
775 821 806 882 in
823 821 943 882 exilium
959 821 989 882 in
1008 823 1173 884 Saxoniam

247 928 342 990 duxit.

625 1116 722 1178 Gerar
742 1117 790 1177 XI.
835 1113 842 1124 ’

287 1280 351 1322 Num
362 1279 440 1323 valida·
450 1281 498 1322 sint
509 1281 539 1324 ad
549 1281 594 1324 hoc
605 1286 759 1334 argumenta,
770 1293 826 1336 quae
836 1295 850 1326 a
859 1281 961 1326 Ratione
970 1281 1135 1327 deducuntur.

325 1458 451 1521 Ratione
466 1481 536 1523 vero
552 1462 594 1524 sic
609 1471 745 1541 arguunt.
761 1463 890 1524 Sumunt
901 1461 1012 1523 etenim
1024 1461 1082 1522 sibi
1096 1462 1175 1540 prin·

226 1615 229 1622 .
244 1565 352 1646 cipium
368 1570 405 1630 de
418 1568 534 1632 decimo
546 1571 652 1629 Prima
665 1569 870 1644 Philosophia,
885 1565 1037 1625 dicentes:
1053 1565 1172 1642 Omnia,

242 1691 305 1752 quur
320 1682 387 1734 sunt
403 1679 490 1735 aalma
506 1677 631 1754 pemeria,
650 1677 828 1734 reducuntur
848 1673 888 1732 ed
908 1689 1013 1747 anem,
1033 1672 1113 1747 quoa
1132 1677 1172 1730 est

242 1799 378 1840 masura
397 1784 535 1858 omnium,
551 1801 615 1860 qma
629 1781 681 1840 sub
701 1781 751 1840 illo
769 1797 868 1858 perere
884 1785 959 1838 eunt.
980 1775 1041 1836 Sed
1064 1795 1172 1836 omnes

210 1887 380 1950 thomines
404 1896 475 1950 sunt
495 1888 581 1952 unius
606 1887 742 1966 generis:
767 1905 837 1964 ergo
862 1886 972 1945 debent
997 1883 1105 1944 reduci
1132 1885 1171 1944 ad

243 2013 351 2067 unum,
363 2001 509 2071 tanquam
519 1995 557 2055 ad
568 2014 742 2055 mensuram
754 1993 888 2056 omnium
899 2012 1014 2053 eorum.
1025 1992 1064 2052 Et
1075 2011 1170 2070 quum

244 2120 381 2162 summus
398 2103 526 2161 Antiates
541 2106 571 2161 et
586 2101 749 2178 Imperator
765 2101 824 2162 sint
841 2099 991 2172 hominen,
1007 2101 1033 2161 si
1051 2101 1168 2162 conclu·

243 2202 288 2263 sio
311 2202 361 2262 illa
382 2209 428 2264 est
454 2223 536 2278 vera,
562 2211 680 2283 oportet
704 2207 784 2282 quod
808 2207 990 2267 reducantur
1011 2207 1051 2266 ad
1074 2225 1167 2268 unum

243 2309 405 2368 Hominem.
423 2310 460 2370 Et
474 2329 567 2388 quum
582 2311 667 2389 Papa
680 2329 740 2371 non
755 2312 793 2372 sit
807 2311 993 2372 reducendus
1007 2311 1047 2372 ad
1062 2310 1170 2384 alium,

195 2425 224 2471 ro
243 2414 435 2492 relinquitur,
456 2418 536 2494 quod
557 2419 718 2496 Imperator
737 2437 807 2478 cum
824 2417 962 2479 omnibus
979 2416 1044 2478 aliis
1063 2418 1102 2479 sit
1122 2438 1168 2479 re·

244 2525 398 2586 ducendus
419 2526 591 2602 adipsum,
616 2530 761 2603 tanquam
778 2524 816 2584 ad
835 2503 1009 2585 mensuram
1033 2528 1064 2583 et
1085 2544 1171 2602 regu·

241 2633 322 2692 lam:
347 2632 565 2712 propterquod
588 2631 722 2708 sequitur
744 2629 833 2691 etiam
849 2631 929 2691 idem
949 2631 1029 2708 quod
1050 2632 1167 2692 volunt

243 2739 291 2799 Ad
305 2739 382 2798 hanc
396 2738 543 2800 rationem
558 2739 745 2811 solvendam,
760 2737 826 2797 dico
840 2737 921 2814 quod
938 2757 1033 2814 quum
1048 2737 1164 2798 dicunt:

244 2867 259 2898 e
276 2844 320 2904 Ea
334 2864 400 2922 quae
417 2849 488 2904 sunt
503 2843 590 2904 unius
608 2844 723 2923 generis
738 2848 854 2922 oportet
869 2846 971 2904 reduci
988 2846 1025 2905 ad
1045 2845 1168 2922 aliquod

194 2955 222 3000 1⁵
242 2971 337 3013 unum
351 2952 389 3012 de
401 2951 450 3010 illo
461 2970 583 3027 genere,
596 2950 676 3026 quod
691 2957 736 3010 est
751 2945 883 3010 metrum
892 2949 923 3010 in
936 2949 1018 3028 ipso,
1031 2973 1046 3004 »
1060 2971 1168 3012 verum

243 3057 354 3120 dicunt.
370 3058 406 3120 Et
421 3057 554 3118 similiter
567 3076 671 3118 verum
685 3057 799 3130 dicunt,
817 3057 950 3118 dicentes
965 3059 1044 3134 quod
1060 3077 1167 3119 omnes

243 3160 380 3220 homines
395 3167 464 3221 sunt
480 3161 568 3222 unius
585 3159 709 3236 generis.
727 3159 764 3220 Et
781 3159 914 3221 similiter
928 3180 1033 3222 verum
1050 3163 1168 3223 conclu·

244 3263 330 3336 dunt,
348 3283 416 3324 curn
432 3264 563 3325 inferunt
580 3283 616 3325 ex
634 3263 696 3336 his,
714 3282 820 3325 omnes
837 3262 973 3324 homines
992 3284 1059 3324 esse
1080 3265 1167 3324 redu·

242 3375 355 3436 nendos
376 3373 414 3434 ad
435 3393 528 3434 unum
550 3378 683 3432 metrum
699 3370 729 3430 in
748 3389 802 3430 suo
826 3387 944 3446 genere.
963 3368 1022 3429 Sed
1040 3387 1112 3428 cum
1130 3385 1166 3428 ex

193 3493 223 3537 ao
241 3480 298 3540 hac
324 3477 513 3538 conclusione
537 3477 727 3538 subinferunt
757 3477 795 3538 de
816 3476 901 3552 Papa
926 3482 955 3535 et
972 3475 1165 3552 Imperatore,

189 3588 191 3592 ’
243 3583 385 3644 falluntur
402 3582 568 3642 secundum
585 3581 732 3642 accidens.
