2590 4038
200 274 253 330 262
548 289 585 329 ua
603 290 782 331 nouandum.

151 430 179 475 16
200 421 313 483 scibile:
332 421 416 482 aliter
432 425 565 483 humana
581 421 668 483 Ratio
685 424 716 482 in
733 442 788 484 sua
804 423 984 483 rectitudine
1005 443 1068 485 non
1085 444 1131 484 sc·

199 534 342 606 queretur
358 530 478 590 Naturae
493 529 702 602 intentionem,
721 530 801 606 quod
819 536 864 590 est
880 528 1075 606 impossibile.

280 636 425 708 Quaedam
440 642 542 697 autem
559 642 630 697 sunt
647 636 700 696 Dei
714 636 838 714 judicia,
857 637 894 696 ad
912 656 979 713 quae
997 637 1134 696 humana

200 740 296 816 Ratio,
308 742 363 802 etsi
375 763 412 816 err
423 742 547 820 propriis
558 741 684 819 pedibus
694 740 862 818 pertingere
872 742 984 818 nequit,
999 743 1134 803 elevatur

200 853 303 910 lamen
320 848 358 908 ad
373 847 423 907 illa
439 867 508 908 eum
525 847 671 926 adjutorio
690 847 770 907 Fidei
788 854 818 907 et
835 867 940 907 eorum
955 867 1021 924 quae
1040 849 1071 907 in
1088 869 1135 908 sa·

152 962 180 1008 ‘20
201 954 258 1015 eris
269 947 375 1014 Literis
389 954 475 1014 nobis
490 954 568 1013 dicta
582 959 664 1026 sunt;
677 952 752 1013 sicut
765 955 802 1013 ad
817 954 888 1014 hoc:
903 976 917 1006 e
934 954 1014 1030 quod
1026 974 1133 1026 nemo,

201 1071 478 1142 quantumcumque
488 1064 652 1124 moralibus
665 1069 693 1124 ct
704 1063 950 1124 intellectualibus
962 1064 1134 1136 virtutibus,

202 1176 231 1231 et
245 1171 412 1230 secundum
425 1169 562 1230 habitum
583 1175 612 1229 θῖ
626 1172 791 1230 seeundum
812 1171 1017 1250 operationem
1040 1171 1137 1248 perle-

202 1281 283 1350 clus,
300 1277 415 1352 absque
431 1276 503 1335 Fide
520 1276 628 1336 salvari
645 1283 759 1354 polest:
775 1279 860 1352 dato,
880 1280 959 1354 quod
976 1297 1135 1354 nunquam

202 1381 312 1460 aliquid
322 1383 359 1441 de
370 1382 488 1442 Christo
499 1382 674 1443 audiverit.»
687 1384 764 1443 Nam
773 1385 831 1443 hoe
839 1383 926 1443 Ratio
937 1385 1072 1444 humana
1084 1403 1139 1461 per

155 1503 183 1548 26
203 1507 237 1548 se
247 1488 363 1565 justum
378 1486 486 1547 intueri
502 1507 563 1547 non
577 1493 686 1565 potest,
702 1488 773 1548 Fide
791 1493 892 1548 tamen
903 1491 1006 1566 adjuta
1023 1494 1135 1566 potest.

203 1593 353 1672 Scriptum
371 1601 416 1654 est
432 1592 513 1652 enim
530 1594 569 1652 ad
585 1593 742 1652 Hebraeos:
758 1594 938 1670 Impossibile
953 1597 1068 1654 estsine
1081 1597 1139 1670 fide

196 1699 312 1774 placere
325 1699 392 1757 Deo.
408 1698 485 1757 Elin
495 1700 631 1759 Leaitieo:
644 1701 759 1759 «Homo
768 1701 884 1778 quilibet
894 1702 929 1760 de
939 1703 1021 1759 domo
1030 1701 1139 1776 Israel,

203 1805 253 1880 qui
268 1805 402 1864 occiderit
418 1807 523 1882 bouem,
540 1815 591 1865 aut
606 1826 695 1884 ovem,
709 1815 761 1866 cut
777 1827 912 1884 capram,
928 1811 961 1867 ira
977 1811 1083 1868 cestrie
1099 1810 1140 1868 cel

203 1916 410 1984 wirecestre,
427 1918 452 1970 et
466 1931 524 1970 ron
537 1912 671 1971 obtulerit
686 1913 726 1970 od
741 1913 846 1972 ostium
862 1912 1042 1972 tubernaculi
1063 1913 1137 1972 oblo-

156 2020 186 2066 50
203 2017 306 2076 tionem
316 2018 453 2092 Domino,
468 2020 621 2094 supprimis
636 2037 704 2076 reus
719 2021 781 2078 erit.
791 2041 806 2071 a
822 2018 940 2079 Ostium
952 2017 1140 2078 tabernaculi

205 2121 352 2181 Christum
366 2121 485 2198 figurat,
503 2121 553 2197 qui
567 2129 613 2182 est
631 2123 741 2181 Ostium
758 2122 903 2184 &nelarie
919 2127 1034 2200 oeterni,
1051 2130 1083 2184 ut
1102 2143 1141 2183 ex

205 2228 365 2302 Evangelio
388 2226 452 2287 eliei
475 2232 591 2306 potest3
615 2227 723 2289 occisio
745 2229 937 2303 animalium,
962 2233 1141 2307 operationes

206 2337 357 2394 humanos.

289 2440 446 2501 Occultum
462 2459 533 2502 vero
551 2446 597 2502 est
613 2439 760 2501 iudicium
775 2440 840 2513 Dei,
856 2442 895 2500 ad
909 2441 989 2516 quod
1005 2441 1143 2500 humana

160 2563 187 2606 aa
207 2550 294 2611 Ratio
314 2569 371 2610 nec
388 2551 452 2626 lege
468 2549 604 2621 Naturae,
619 2567 675 2608 nec
687 2549 752 2625 lege
770 2548 894 2626 scripta,
911 2549 965 2607 sed
983 2548 1020 2606 de
1037 2547 1142 2606 Gratia

209 2656 330 2735 speciali
346 2656 526 2732 quandoque
546 2654 695 2732 pertingit.
713 2655 800 2728 Quod
819 2653 852 2712 iit
869 2653 1005 2731 pluribus
1027 2653 1140 2712 modis:

210 2765 389 2840 quandoque
411 2761 532 2839 simplici
551 2759 743 2832 revelatione,
771 2759 956 2836 quandoque
986 2757 1151 2818 revelatio?

210 2887 262 2942 ne,
289 2867 502 2945 disceptatione
526 2865 658 2942 quadam
682 2864 841 2924 mediante.
868 2862 1000 2940 Simplici
1023 2863 1140 2922 revela·

211 2976 291 3035 tione
301 2972 468 3052 dupliciter:
487 2979 539 3032 aut
553 2979 651 3049 sporta
666 2971 736 3048 Dei,
753 2975 805 3030 aut
818 2971 947 3030 oratione
959 2971 1139 3045 impetrante.
1191 2959 1195 2966 ’

164 3082 193 3128 ⁴0
295 3104 310 3135 e
327 3084 431 3160 Sponte
456 3083 540 3141 Dei»
567 3078 738 3158 dupliciter:
767 3083 819 3138 aut
846 3096 990 3154 expresse,
1012 3079 1064 3135 aut
1084 3095 1143 3151 per

209 3192 331 3266 eipnum.
343 3191 499 3265 Eaprcsae,
514 3186 590 3278 sieut
603 3186 769 3246 revelatum
782 3183 836 3244 luit
849 3183 992 3261 judicium
1006 3181 1142 3241 Samueli

212 3299 317 3356 eontra
332 3294 468 3356 Saulem:
486 3315 544 3373 per
564 3297 693 3373 ciprum,
707 3293 783 3354 sicut
803 3293 954 3354 Pharaoni
970 3294 1142 3353 revelatum

213 3399 267 3459 luit
284 3418 337 3476 per
354 3398 485 3474 signum,
503 3401 584 3476 quod
600 3399 680 3461 Deus
699 3399 885 3478 judicaverat
905 3403 943 3462 de
963 3400 1143 3462 liberatione

212 3505 340 3566 filiorum
356 3505 457 3566 lsrael.

163 3613 191 3658 ⁴⁵
295 3613 461 3674 «Oratione
475 3614 684 3696 impetrante»
713 3619 794 3697 quod
815 3617 929 3684 sciebat
951 3616 1001 3697 qui
1021 3615 1143 3678 dicebat
