2578 4038
447 268 533 309 rinna
552 269 685 312 vaurms.
733 248 736 255 ’
970 253 1025 310 985

87 401 306 472 argumentum
328 401 473 476 peccabat
492 400 523 460 in
544 401 656 462 forma:
679 401 749 478 quia
772 401 966 479 praedicatum
989 401 1020 462 in

85 504 281 565 conclusione
298 525 359 566 uon
377 511 423 566 est
441 507 615 567 extremitas
636 506 772 583 majoris,
791 509 823 564 ut
840 508 931 581 patet.
951 505 1021 565 Pro-

85 609 163 670 cedit
192 610 274 670 enim
298 610 353 672 sic:
378 613 464 672 Luna
486 611 591 690 recipit
618 613 756 700 lucerna
784 611 868 684 Sole,
896 611 946 687 qui
971 614 1016 671 est

83 715 224 792 maiman
239 718 393 792 spirituale
398 737 411 789 ,·
426 719 560 796 Rayimca
574 718 726 794 temporale
743 724 789 778 est
812 717 912 776 Luna:
936 715 1013 792 Ergo
1036 725 1081 770 tis

85 823 223 900 Repimen
234 823 389 898 temporale
405 821 508 899 recipit
530 821 740 882 auctoritatem
756 841 775 881 a
794 819 943 897 Repimiue
958 821 1014 898 spi-

83 931 197 990 rituali.
219 931 300 990 Nam
320 930 351 989 in
372 928 561 991 extremitate
577 929 700 1009 majoris
718 935 833 1007 ponunt
849 928 972 988 Lucem:
985 926 1016 988 in

83 1037 247 1114 praedicato
258 1054 331 1095 vero
346 1033 555 1106 conclusionis,
567 1035 785 1094 Auctoritatem:
800 1053 866 1111 quae
882 1037 952 1094 sunt
965 1051 1015 1094 res

83 1143 208 1203 diversae
225 1130 364 1218 subjecto
381 1147 411 1200 et
427 1140 556 1214 ratione,
575 1145 608 1202 ut
625 1139 722 1200 visum
736 1148 783 1202 est
801 1159 901 1218 supra.

423 1391 424 1396 ’
479 1376 574 1440 Carus
595 1381 628 1439 V.

106 1571 222 1622 Quaenam
232 1573 266 1614 sit
276 1573 314 1613 vis
325 1572 460 1624 argumenti
471 1571 592 1624 desumpti
603 1583 633 1614 ax
644 1582 684 1623 eo,
696 1571 762 1623 quod
771 1572 828 1614 Levi
840 1573 994 1624 praecesserit

414 1651 501 1694 ludam
516 1651 541 1694 in
552 1651 685 1692 nativitate.

163 1867 337 1928 Adsumunt
354 1867 443 1928 etiam
457 1875 671 1945 argumentum
690 1867 726 1928 de
747 1868 848 1927 Ia'tara
864 1867 958 1943 Moysi
974 1868 1013 1928 di·

78 1974 187 2048 centis,
207 1975 289 2050 quod
307 1975 344 2034 de
364 1975 477 2034 temore
495 1975 585 2035 lacob
603 1973 687 2035 fluxit
704 1975 799 2053 ligura
815 1975 924 2036 horum
941 1977 1012 2036 duo·

77 2103 148 2144 rum
164 2082 369 2160 Regiminum,
388 2082 497 2144 scilicet
512 2084 582 2143 Levi
608 2087 637 2142 et
660 2085 772 2156 Judaa,·
791 2102 919 2161 quorum
936 2083 1012 2143 alter

76 2189 132 2250 fuit
149 2193 236 2266 pater
262 2187 435 2263 Sacerdotii,
456 2186 531 2246 alter
554 2205 624 2247 vero
651 2187 809 2263 Repimiuis
833 2187 1009 2264 temporalia.

77 2292 193 2352 Deinde
211 2291 253 2352 sic
274 2296 403 2368 arguunt
423 2310 461 2350 ex
486 2290 534 2351 iis:
560 2293 822 2365 Quemadmodum
847 2313 880 2354 se
906 2293 1046 2354 htiiuitt

76 2397 149 2458 Levi
165 2397 205 2456 ad
226 2397 351 2469 ludam,
377 2395 418 2456 sic
439 2415 472 2456 se
498 2396 590 2456 habet
612 2397 745 2458 Ecclesia
766 2400 804 2459 ad
831 2398 1006 2475 Imperium

78 2503 150 2565 Levi
166 2503 321 2582 praecessit
337 2504 445 2564 ludam
461 2501 491 2562 in
508 2501 674 2576 nativitate,
691 2507 724 2563 ut
740 2508 823 2580 patet
842 2504 873 2563 in
890 2505 1008 2564 Litera:

78 2607 150 2688 ergo
168 2611 300 2670 Ecclesia
316 2606 455 2686 praecedit
469 2593 630 2682 Impeiium
645 2605 675 2664 in
690 2606 876 2666 auctoritate.

157 2714 197 2774 nt
216 2714 275 2774 hoo
295 2731 367 2774 vero
387 2714 424 2773 de
444 2710 520 2772 facili
541 2709 681 2782 solvitur;
703 2729 775 2770 nam
801 2729 869 2770 cum
891 2711 1006 2784 dicunt,

78 2820 158 2896 quod
178 2818 250 2879 Levi
270 2826 300 2879 et
319 2818 426 2892 ludas,
448 2817 499 2878 filii
518 2817 622 2888 Jacob,
644 2815 773 2892 figurant
791 2815 850 2877 ista
871 2817 929 2878 duo
951 2818 1005 2878 Re·
1025 2830 1057 2875 io

76 2924 200 3002 gimina,
221 2941 344 3002 possem
370 2924 503 2986 similiter
526 2925 584 2984 hoc
605 2923 803 2983 interimendo
828 2922 1005 2998 dissolvere;

76 3030 129 3089 sed
144 3027 337 3090 concedatur.
352 3029 512 3106 Arguendo
526 3027 669 3088 inferunt:
681 3028 764 3096 Sicut
773 3027 844 3090 Levi
854 3027 1005 3106 praecessit

74 3133 287 3207 innativitate,
305 3135 347 3195 sic
362 3135 496 3197 Ecclesia
512 3135 542 3195 in
560 3135 745 3196 auctoritate.
766 3135 838 3197 Dico
856 3135 1003 3206 similiter3

74 3241 154 3315 quod
176 3241 256 3301 aliud
274 3247 320 3302 est
335 3243 529 3319 praedicatum
543 3244 754 3318 conclusionis,
769 3248 799 3304 et
816 3244 895 3304 aliud
912 3246 1003 3322 majo·

73 3342 112 3403 ris
125 3343 312 3404 extremitas.
328 3347 404 3406 Nam
420 3347 499 3408 aliud
515 3354 560 3409 est
575 3351 746 3426 auctoritas,
764 3353 794 3409 et
810 3349 890 3411 aliud
904 3353 1002 3410 nativi·
1022 3361 1051 3404 tt

71 3457 131 3524 taa,
145 3451 282 3528 subjecto
294 3457 323 3511 et
332 3452 460 3514 ratione:
474 3457 687 3532 propterquod
700 3456 880 3534 peccatorio
895 3456 1000 3516 forma.

69 3554 105 3614 Et
122 3559 170 3616 est
188 3554 293 3616 similis
309 3575 469 3632 processus
486 3557 568 3619 huic:
586 3558 612 3618 A
629 3559 768 3636 praecedit
784 3559 808 3618 Β
825 3559 855 3619 in
873 3559 911 3633 03
929 3559 953 3618 D
971 3566 1001 3620 et
