2578 4038
455 158 541 198 arcun
559 159 716 202 sacunnus
1001 151 1051 208 271

198 289 274 363 Quis
291 288 380 366 igitur
396 309 476 349 nunc
494 291 570 351 adeo
587 292 697 352 mentis
715 295 829 355 obtusae
847 303 908 367 est,
926 298 1051 374 quinon

113 395 228 467 videat,
253 395 310 454 suh
337 395 409 454 Jure
436 395 527 455 duelli
547 396 710 472 gloriosum
731 397 877 478 Populum
900 403 1051 464 Coronam

113 501 208 562 totius
223 500 314 561 Orbis
330 519 398 560 esse
421 501 593 562 lucratum?
610 491 691 564 Vere
707 506 802 581 potuit
819 506 917 567 dicere
934 508 978 568 vir
994 509 1050 570 Ro-

114 626 241 678 manus,
262 605 525 696 quodlApostolus
553 609 591 667 ad
619 609 824 671 Timotheum:
849 611 983 690 Reposito
1010 626 1050 676 est
1069 627 1112 673 1‘20

113 715 188 772 nothi
202 713 317 772 Θονοηα
325 714 468 786 justitio:
482 714 631 790 reposita,¹
643 716 767 790 scilicet,
782 717 813 778 in
826 719 880 780 Dei
893 722 1052 784 Providen-

113 819 155 878 tia
169 823 294 877 aeterna.
312 818 438 878 Videant
455 839 535 879 nunc
552 821 670 881 luristae
695 828 939 903 praesumptuosi,
958 849 1050 906 quan·

113 933 179 984 tum
195 923 275 982 intra
294 922 353 982 sint
379 924 417 982 ab
444 923 494 983 illa
521 927 643 1002 specula
660 929 796 1002 rationiS,
814 932 893 991 unde
918 934 1051 996 humana

114 1047 204 1089 mens
228 1029 294 1089 haec
317 1029 459 1107 principia
482 1033 665 1109 speculatur,
689 1042 717 1094 et
743 1037 866 1110 sileant,
884 1042 1050 1102 secundum

114 1157 243 1226 sensum
258 1137 332 1213 legis
349 1139 506 1198 consilium
529 1148 557 1200 et
576 1141 721 1217 judicium
742 1144 883 1205 exhibere
905 1148 1045 1208 contenti.
1070 1156 1109 1202 ¹2⁵

114 1243 151 1302 Et
166 1246 232 1321 jam
253 1244 449 1303 manifestum
476 1251 533 1317 est,
554 1249 634 1322 quod
659 1267 713 1324 per
737 1249 875 1310 Duellum
893 1253 1047 1314 Romanus

113 1351 244 1428 populus
265 1348 423 1426 adquisivit
440 1350 616 1428 lmperium:
636 1373 706 1429 ergo
726 1356 762 1414 de
784 1357 855 1417 Jure
873 1360 1047 1436 adquisivit;

114 1458 195 1531 quod
213 1464 261 1516 est
277 1455 439 1533 principale
453 1458 641 1534 propositum
657 1459 688 1518 in
706 1460 795 1520 Libro
810 1465 959 1546 praesenti.

499 1666 597 1728 Coeus
618 1669 668 1728 Xl.

277 1841 401 1884 Christum
412 1844 546 1893 nascendo,
555 1845 647 1896 iustam
659 1854 713 1886 esse
721 1845 890 1888 auctoritatem

393 1913 491 1967 Imperii
502 1914 605 1956 Romani
615 1915 776 1966 persuasisse.

194 2099 360 2176 Hucusque
374 2104 457 2177 patet
474 2101 662 2178 propositum
674 2120 727 2179 per
744 2102 893 2178 rationes,
905 2124 971 2182 quae
986 2105 1047 2182 plu·

112 2203 223 2264 rimum
244 2206 439 2266 rationalibus
464 2206 613 2285 principiis
630 2209 811 2284 innituntur;
830 2214 883 2273 sed
906 2213 1046 2292 deinceps

114 2331 152 2371 ex
167 2309 322 2390 principiis
337 2309 416 2370 Fidei
430 2311 608 2371 Christianae
623 2313 731 2372 iterum
742 2314 983 2390 patefaciendum
993 2323 1047 2376 est.

194 2415 326 2475 Maxime
348 2395 428 2476 enim
445 2417 644 2491 tremuerunt,
664 2425 693 2479 et
709 2420 810 2480 inania
826 2422 961 2481 meditati
977 2427 1048 2481 sunt

114 2523 144 2582 in
157 2523 334 2584 Romanum
345 2523 557 2602 principatum,
573 2525 623 2600 qui
641 2525 785 2584 zelatores
803 2524 871 2582 fidei
885 2524 1047 2583 Chistianae
1068 2543 1081 2586 5

113 2650 146 2691 se
168 2630 287 2704 dicunt,
312 2649 369 2691 nec
389 2630 511 2691 miseret
536 2649 587 2689 eos
604 2649 771 2706 pauperum
794 2628 916 2699 Christi,
937 2627 1046 2704 quibus

114 2755 175 2798 nou
194 2737 295 2796 solum
317 2737 502 2797 defraudatio
524 2737 557 2796 fit
576 2735 607 2794 in
630 2735 823 2795 ecclesiarum
841 2735 1046 2813 proventibuS,

114 2839 250 2916 quinimo
268 2821 448 2918 patrimonia
464 2841 530 2920 ipsa
547 2841 679 2918 quotidie
697 2843 868 2920 rapiuntur,
888 2850 917 2904 et
939 2847 1047 2922 depau-

113 2952 236 3024 peratur
254 2947 401 3022 Ecclesia,
422 2949 494 3008 dum
516 2947 684 3008 simulando
699 2947 857 3024 justitiam,
877 2950 1047 3025 Exequuto·

112 3071 179 3112 rem
195 3053 316 3130 justitiae
333 3074 394 3115 non
412 3053 581 3114 admittunt.
593 3055 655 3114 Nec
668 3056 732 3132 jam
750 3054 963 3133 depauperatio
980 3055 1046 3116 talis
1065 3073 1096 3118 10

112 3158 230 3234 absque
257 3159 312 3219 Dei
337 3159 446 3238 judicio
475 3160 519 3219 fit:
539 3180 608 3220 cum
627 3180 684 3220 nec
705 3160 900 3238 pauperibus,
919 3181 1047 3239 quorum

111 3261 294 3340 patrimonia
315 3270 385 3324 sunt
406 3263 546 3325 Ecclesiae
563 3265 732 3339 facultates,
749 3265 819 3328 inde
836 3267 1046 3343 subveniatur;

110 3389 213 3447 neque
230 3372 268 3430 ab
285 3371 431 3432 offerente
447 3373 572 3449 Imperio
589 3391 659 3432 cum
676 3373 855 3449 gratitudine
878 3381 1057 3436 teneantur.-

111 3477 264 3551 Redeant,
276 3480 356 3539 unde
370 3485 527 3540 venerunt:
545 3485 692 3541 venerunt
706 3481 797 3554 bene,
812 3482 937 3541 redeant
952 3481 1044 3542 male:
