2578 4038
200 185 254 241 264
550 201 588 241 nr
607 203 786 244 conandum.

283 327 336 388 His
352 326 453 404 itaque
469 325 500 386 in
514 324 649 404 Capitnlo
660 326 717 398 hoc
734 327 893 402 distinctis,
909 327 983 386 duas
997 329 1134 416 rationes

205 433 342 495 efficaces
364 435 403 494 ad
420 433 607 511 propositum
632 433 768 512 accipere
784 453 963 512 possumus:
981 433 1096 494 scilicet
1115 455 1133 495 a

205 539 418 618 disceptatione
429 541 608 600 athletarum
620 559 729 612 unam,
745 545 774 599 et
791 559 809 600 a
827 539 1042 616 disceptatione
1053 538 1132 617 pugi·

157 650 185 696 to
204 644 268 702 lum
285 645 424 716 alteram;
441 663 515 721 quas
533 643 655 721 quidem
671 665 837 724 prosequar
846 645 878 705 in
890 648 1086 724 sequentibus
1103 654 1132 708 et

204 752 382 852 immediatis
400 753 552 833 Capitulis.

588 969 684 1030 Garun
703 969 750 1030 ΙΧ.

209 1127 345 1168 Romanum
354 1125 469 1178 populum
479 1126 573 1168 cunctis
584 1126 780 1170 athletizantibus
793 1135 836 1180 pro
847 1125 953 1178 Imperio
965 1124 1131 1177 praevaluisse.

288 1303 340 1364 llle
356 1301 444 1378 igilur
460 1302 605 1380 Populus,
623 1303 674 1381 qui
692 1304 806 1366 cunctis
823 1305 1065 1366 athletizantibus
1082 1324 1135 1382 pro

209 1406 336 1481 Imperio
358 1408 463 1467 mnndi
477 1408 643 1485 praevaluit,
662 1412 698 1472 de
721 1413 817 1474 divino
838 1397 952 1474 Judicio
972 1414 1136 1494 praevaluit.

210 1513 287 1572 Nam
303 1533 372 1574 cum
389 1511 544 1590 diremptio
561 1513 736 1574 universalis
754 1515 835 1592 litigii
853 1517 946 1594 magis
964 1516 1024 1576 Deo
1039 1516 1078 1576 sit
1091 1535 1138 1576 cu·

210 1637 264 1690 rae,
285 1637 377 1695 qnam
404 1617 561 1695 diremptio
588 1619 787 1696 particularis:
804 1627 833 1681 et
858 1620 889 1680 in
910 1621 1138 1698 particularibus

179 1732 192 1776 ὁ
210 1724 306 1801 litigiis
332 1725 514 1802 quibusdam
534 1745 588 1802 per
618 1727 746 1786 athletas
768 1725 900 1785 divinum
919 1723 1069 1784 indicium
1090 1741 1137 1800 po·

210 1831 352 1902 stulatur,
368 1831 455 1908 juxta
469 1831 533 1907 jam
552 1830 655 1892 tritum
679 1831 882 1907 proverbium:
901 1831 956 1890 Orci
979 1830 1059 1888 Deus
1079 1847 1138 1888 con-

211 1940 296 2016 cedit,
307 1939 449 1998 benedicat
465 1944 490 1996 et
505 1939 625 2012 Petrus,·
637 1937 753 1998 nullum
770 1937 894 1997 dubium
911 1942 970 2008 est,
982 1935 1053 2012 quin
1069 1953 1140 2012 prae·

211 2043 339 2103 valentia
356 2043 386 2102 in
403 2042 522 2102 athletis
542 2059 597 2119 pro
618 2044 741 2118 irnperio
758 2043 862 2102 mundi
882 2043 1066 2104 certantibus
1089 2042 1139 2102 Dei

210 2151 354 2228 judicium
367 2147 404 2208 sit
418 2152 554 2223 sequuta.
569 2146 724 2206 Romanus
741 2147 882 2224 populus,
897 2145 1012 2206 cunctis
1027 2145 1140 2204 athleti-

164 2262 193 2307 to
213 2254 347 2314 cantibus
368 2273 422 2331 pro
439 2252 567 2330 Imperio
588 2252 692 2313 mundi
713 2253 881 2331 praevaluit:
900 2253 980 2330 qnod
1003 2251 1058 2311 erit
1079 2271 1139 2310 ma-

213 2361 372 2432 nifestum,
391 2358 415 2419 si
436 2359 663 2420 considerentur
685 2360 816 2432 athletae,
839 2365 869 2420 et
890 2358 915 2420 si
936 2356 1140 2418 consideretur

213 2468 351 2530 bravium
375 2465 437 2528 sire
460 2475 550 2528 meta.
567 2467 709 2528 Bravium
732 2467 793 2527 sive
811 2473 892 2526 meta
916 2450 980 2538 fuit,
1001 2463 1139 2526 omnibus

214 2596 345 2656 praeesse
365 2574 554 2638 mortalibus:
577 2576 634 2635 hoc
652 2574 732 2635 enim
747 2575 908 2651 Imperium
924 2572 1058 2634 dicimus
1081 2570 1139 2630 Sed

214 2684 271 2744 hoc
288 2683 361 2743 nulli
378 2680 498 2757 contigit
514 2679 571 2740 nisi
587 2679 724 2738 Romano
748 2677 869 2755 populo:
889 2675 937 2736 hic
965 2691 1027 2735 non
1050 2674 1140 2734 modo

166 2801 193 2847 tt
214 2792 341 2869 primus,
353 2788 424 2866 quin
439 2788 527 2849 etiam
542 2794 589 2848 est
602 2787 698 2859 solue,
709 2785 760 2862 qni
771 2783 865 2861 attigit
877 2788 991 2844 metam
1006 2780 1140 2844 certami-

214 2893 274 2966 nis,
293 2892 442 2953 utstatim
460 2892 582 2970 patebit.

184 3044 186 3049 s
295 2999 414 3061 Primus
430 3017 563 3075 namque
585 2997 663 3058 inter
684 2997 840 3069 mortaleS,
858 2994 908 3072 qui
933 2996 972 3055 ad
994 2995 1051 3056 hoc
1073 2996 1142 3056 bra·

215 3104 296 3166 vium
310 3107 470 3178 anhelavit,
483 3104 576 3166 Ninus
587 3104 652 3177 luit,
662 3103 854 3180 Assyriorum
865 3123 931 3165 rex:
944 3103 994 3181 qui
1002 3104 1141 3180 quamvis

216 3230 285 3270 cum
302 3218 442 3272 consorte
462 3209 540 3274 thori
560 3209 769 3282 Semiramide,
787 3229 840 3289 per
862 3209 1025 3286 nonaginta
1045 3227 1141 3270 annos

166 3327 196 3373 ao
217 3325 246 3378 et
269 3318 370 3396 plures
399 3322 444 3396 (ut
469 3317 592 3380 Orosius
618 3315 722 3389 relect)
744 3315 906 3395 Imperium
929 3315 1033 3378 mundi
1049 3316 1141 3376 armis

215 3423 385 3495 tentaverit,
406 3429 435 3484 et
455 3428 550 3486 totam
570 3423 675 3486 Asiam
695 3423 750 3484 sibi
771 3424 934 3500 subegerit,
956 3442 1016 3485 non
1038 3431 1141 3484 tamen

215 3528 413 3588 occidentales
428 3528 531 3588 mundi
545 3534 646 3606 partes
658 3529 700 3590 eis
710 3549 845 3607 unquam
856 3530 999 3608 subJ'ectae
1011 3529 1141 3590 luerunt.
