2590 4038
227 179 281 234 952
577 185 614 226 nn
632 183 810 226 nouandum.

230 326 322 405 Cujus
337 323 381 384 rei
397 341 514 384 memor
528 319 582 382 fuit
592 321 679 380 Poeta
694 324 808 390 noster,
821 335 891 377 cum
907 317 1045 394 clypeum
1059 315 1165 378 AEneae

232 431 414 494 describeret
430 428 461 489 in
478 436 589 502 educo,
607 427 685 488 canit
703 423 782 486 enim
800 424 857 485 sic:

179 589 211 635 40
352 574 385 631 In
400 587 511 627 summo
526 576 619 625 eustos
634 565 759 637 Tarpejae
774 562 893 618 Manlius
908 559 979 616 ercis

355 661 451 718 Stabat
466 677 517 732 pro
533 657 650 728 templo,
667 659 694 709 et
709 652 842 724 Capitolia
856 651 930 706 celsa
945 648 1074 720 tenebat,

272 802 276 811 .
353 751 548 822 Romuleoque
564 762 661 801 recens
674 742 806 798 horrebat
819 742 895 812 regia
909 741 1011 796 culmo.

355 839 447 911 Atque
462 838 507 892 hic
522 836 626 891 auratis
639 835 757 888 volitans
772 835 921 904 argenteus
933 845 1016 883 anser

354 925 526 996 Porticibus,
542 925 636 980 Gallos
650 923 680 977 in
695 921 790 976 limine
804 919 902 975 adesse
915 915 1042 973 canebat.

183 1093 212 1136 45
313 1067 353 1128 At
366 1085 460 1144 quum
474 1065 612 1126 Romana
628 1063 766 1125 nobilitas
782 1066 940 1142 premente
954 1060 1104 1122 Annibale
1121 1060 1164 1122 sic

231 1175 364 1247 cederet,
376 1175 457 1235 ulad
469 1173 589 1234 finalem
599 1173 744 1234 Romanae
754 1171 797 1233 rei
807 1171 986 1232 deletionem
997 1190 1058 1231 non
1069 1175 1165 1231 resta·

232 1283 278 1336 ret
291 1275 349 1336 nisi
360 1277 523 1337 Poenorum
537 1276 664 1338 insultus
679 1279 717 1337 ad
732 1277 858 1352 Urbem,
869 1277 967 1339 subita
981 1283 1011 1338 et
1024 1277 1164 1338 intolera-

233 1381 283 1443 bili
298 1385 442 1460 9roudine
458 1383 670 1461 proturbante,
686 1381 812 1445 victores
828 1381 985 1443 victoriam
998 1382 1084 1461 sequi
1102 1403 1164 1445 non

233 1487 383 1565 potuisse,
401 1487 500 1548 Livius
516 1489 547 1548 in
564 1488 641 1548 bello
663 1487 773 1548 Punico
798 1487 875 1549 inter
902 1487 960 1572 alia
986 1495 1072 1566 geste
1096 1507 1165 1552 con·

87 1605 89 1610 '
182 1615 213 1661 m
234 1593 345 1655 scribit.
359 1593 466 1655 Nonne
482 1593 624 1653 transitus
641 1591 749 1652 Cloeliae
765 1589 908 1651 mirabilis
926 1589 997 1667 luit,
1013 1610 1084 1651 cum
1100 1611 1164 1652 mu·

232 1701 286 1763 lier
303 1707 333 1764 et
349 1702 465 1780 captiva
481 1701 512 1760 in
530 1699 684 1762 obsidione
701 1701 854 1772 Porsenae,
871 1691 1006 1776 'abruptis
1025 1698 1163 1773 vinculis,

233 1807 309 1869 miro
334 1807 387 1869 Dei
412 1809 515 1887 adjuta
539 1805 663 1882 auxilio,
689 1804 887 1866 transnatavit
913 1805 1059 1877 Tiberim,
1087 1803 1163 1866 sicul

233 1933 339 1976 omnes
356 1915 419 1976 fere
436 1913 541 1976 scribce
556 1913 701 1975 Romanae
718 1913 761 1976 rei
777 1913 816 1975 ad
834 1913 958 1992 gloriam
975 1913 1068 1992 ipsius
1085 1933 1164 1976 com-

233 2024 403 2081 memorant
415 2023 430 2080 i

183 2144 213 2189 m
313 2125 362 2185 Sic
379 2125 466 2183 lllum
481 2140 606 2202 prorsus
623 2120 740 2198 operari
757 2120 897 2194 decebat,
916 2119 967 2198 qui
981 2123 1089 2179 cuncta
1103 2117 1162 2180 sub

232 2229 343 2293 ordinis
358 2229 576 2310 pulchritudine
593 2230 631 2290 ab
649 2234 761 2289 aeleruo
773 2227 913 2306 providit,
931 2230 963 2286 ut
981 2225 1045 2303 qni,
1060 2223 1163 2284 visibi-

233 2339 287 2414 lis,
306 2345 371 2400 erat
392 2336 537 2400 miracula
561 2357 617 2417 pro
642 2335 837 2398 invisibilibus
855 2339 1046 2407 ostensurus,
1066 2332 1163 2408 idem,

233 2444 402 2519 Invisibilis,
420 2464 473 2524 pro
491 2444 654 2505 visibilibus
672 2443 722 2503 illa
738 2443 920 2504 ostenderet.

622 2725 719 2791 Crem
735 2728 770 2790 V.

354 2912 472 2968 Populum
481 2913 617 2958 Romanum
626 2911 775 2966 subjiciendo
784 2911 832 2956 sibi
843 2912 942 2962 Orbem,
953 2911 1046 2956 bonum

409 2993 557 3047 Reipublicae
566 2996 590 3037 et
600 2992 654 3036 ideo
664 2991 750 3036 Finem
762 2993 841 3046 operis
850 2993 992 3038 intendisse.

231 3273 233 3278 .
314 3200 502 3280 Quicumque
526 3206 671 3280 praelerea
686 3202 800 3262 bonum
816 3199 996 3280 Reipublicae
1018 3198 1159 3276 intendit,

235 3307 324 3369 linem
342 3310 420 3371 luris
435 3310 569 3372 intendit.
583 3310 729 3386 Quodque
744 3307 786 3369 ita
802 3311 959 3384 sequatur,
973 3303 1016 3366 sie
1030 3303 1159 3366 ostendi·

233 3424 298 3477 tur:
316 3437 331 3470 ‹
346 3417 403 3477 Jus
418 3438 432 3470 ι
451 3425 492 3478 eet
506 3419 634 3478 reclinet
643 3416 806 3492 mennatis
821 3415 947 3474 hovniuic
962 3414 1002 3473 ad
1017 3414 1157 3474 imm

228 3525 394 3599 proportio:
406 3541 469 3600 quoe
481 3531 594 3582 servata
606 3524 751 3582 hominum
764 3529 858 3580 seruat
872 3521 1047 3599 societatem,
1059 3529 1085 3581 et
1098 3539 1157 3581 cor·
