2560 4022
503 185 590 228 ursan
609 183 728 227 asinus.
1056 173 1091 228 23

158 331 230 388 molo
243 328 378 406 quidem,
391 329 422 389 in
437 333 585 406 quantum
601 345 694 388 sonus
716 295 773 398 est;¹
791 325 935 386 rationale
950 343 1033 396 voro,
1045 322 1083 382 ¹in
1102 323 1133 368 ²⁰

159 442 297 511 quantum
318 433 429 513 aliquid
447 435 614 513 significare
630 434 748 495 videtur
763 434 802 494 ad
816 433 968 511 placitum.

438 742 440 744 -
532 689 630 754 Corus
657 691 704 752 lV.

229 895 274 939 Cui
288 893 387 938 Homini
401 893 509 947 primum
523 893 595 937 datus
609 897 647 937 est
659 901 751 948 sermo,
767 891 826 948 quid
840 893 920 947 primo
935 891 1009 942 dixit,

426 983 429 990 ·
473 967 498 1010 et
510 965 557 1010 sub
571 976 619 1018 quo
634 964 757 1010 idiomate.
965 959 967 966 ⁴

228 1169 290 1232 Soli
306 1167 421 1230 homini
436 1169 542 1231 datum
562 1169 618 1231 fuit
640 1177 674 1232 ut
689 1171 876 1249 loqueretur,
893 1173 927 1232 ut
950 1188 987 1232 ex
1008 1189 1080 1249 prae-

151 1275 247 1338 missis
277 1275 474 1336 mamfestum
501 1279 555 1336 est.
580 1275 667 1337 Nunc
692 1295 812 1354 quoque
837 1275 1081 1353 investigandum

152 1402 216 1444 esse
233 1382 386 1454 existimo,
404 1381 453 1442 oui
476 1380 633 1444 hominum
654 1381 787 1462 primum
810 1383 919 1445 locutio
942 1383 1013 1444 data
1029 1381 1079 1455 sit,

151 1489 264 1566 etquid
281 1487 421 1567 primitus
437 1487 554 1548 locutus
569 1485 673 1560 fuerit,
692 1494 722 1548 et
738 1488 777 1547 ad
798 1506 902 1565 quem,
920 1491 951 1547 et
967 1485 1031 1558 ubi,
1051 1489 1081 1546 et

152 1597 280 1672 quando,
301 1613 359 1656 nec
386 1615 448 1656 non
475 1600 505 1655 et
526 1595 581 1655 sub
610 1614 669 1672 quo
693 1593 836 1656 idiomate
857 1592 1111 1674 primiloquiumo

153 1701 305 1761 emanavit.
328 1700 503 1762 Secundum
523 1699 554 1760 id
575 1699 656 1776 quod
681 1698 712 1758 in
732 1699 874 1778 principio
896 1699 1003 1775 legitur
1026 1699 1079 1758 Ge-

152 1802 243 1875 nesis,
260 1802 308 1862 ubi
326 1803 364 1863 de
381 1801 544 1880 primordio
569 1801 675 1861 mundi
696 1803 900 1864 sacratissima
925 1803 1080 1881 Scriptum

150 1911 324 1984 pertractat,
339 1905 496 1966 Mulierem
511 1904 662 1968 invenitur
678 1910 749 1968 ante
767 1925 872 1970 omnes
889 1907 984 1970 fuisse
998 1911 1077 1970 locu·

148 2019 221 2086 tam,
239 2011 353 2073 scilicet
369 2011 730 2090 praesumptuosissimam
743 2013 851 2087 Evam,
870 2032 940 2075 cum
954 2012 1079 2086 Diabolo

149 2117 310 2180 sciscitanti
326 2118 496 2210 respondit:
520 2118 598 2180 «De
618 2118 717 2180 fructu
739 2120 900 2196 lignorum,
919 2139 985 2197 quae
1009 2127 1080 2184 sunt
1097 2126 1128 2171 ‘10

148 2227 177 2286 in
192 2225 336 2288 Paradiso
354 2225 517 2297 vescimur;
533 2224 570 2284 de
587 2223 774 2284 fructuvero
791 2219 874 2300 ligni,
889 2225 970 2301 quod
988 2223 1079 2285 estin

149 2333 243 2393 medio
256 2331 405 2405 Paradisi‚
420 2331 562 2410 praecepit
577 2328 664 2390 nobis
681 2329 761 2391 Deus
778 2348 817 2390 ne
835 2329 1076 2400 comederemus

150 2459 205 2500 nec
219 2443 424 2518 tangeremus,
442 2455 481 2496 ne
497 2435 575 2496 forte
592 2432 766 2494 moriamur.
783 2453 798 2486 r
816 2431 876 2494 Sed
891 2447 1078 2508 quamquam

147 2546 251 2609 mulier
270 2548 303 2608 in
330 2543 448 2622 scriptis
472 2542 555 2623 prius
580 2539 747 2601 inveniatur
769 2539 883 2610 locuta,
901 2535 1077 2596 rationabile
1101 2577 1113 2614 ⁴:

145 2659 246 2716 tamen
259 2658 318 2727 est,
334 2657 367 2712 ut
380 2651 534 2712 hominem
548 2647 631 2726 prius
645 2648 781 2706 locutum
795 2642 888 2705 fuisse
902 2643 1074 2704 credamus:
1096 2649 1122 2693 16

144 2775 199 2818 nec
214 2755 460 2818 inconvenienter
476 2756 614 2832 putatur,
631 2755 695 2811 tam
716 2749 868 2827 egregium
889 2751 1014 2812 humani
1031 2769 1076 2830 ge-

143 2860 222 2920 neris
239 2867 344 2919 actum
364 2857 445 2937 prius
468 2877 486 2918 a
507 2855 582 2931 viro,
605 2877 697 2934 quam
721 2877 739 2928 a
763 2855 885 2918 foemina
907 2857 1075 2935 proluisse.

144 2963 370 3025 Ratiouabiliter
400 2983 472 3040 ergo
499 2961 649 3022 credimus
675 2961 732 3040 ipsi
757 2961 831 3022 Adae
861 2961 944 3039 prius
971 2963 1076 3024 datum

144 3072 234 3134 fuisse
248 3073 332 3152 loqui
346 3074 383 3133 ab
398 3072 454 3147 Eo,
469 3071 519 3148 qui
534 3069 636 3130 statim
650 3068 749 3147 ipsum
762 3068 973 3146 plasmaverat.

222 3181 310 3255 Quod
328 3185 430 3239 autem
449 3175 531 3256 prius
549 3195 607 3238 vox
629 3176 717 3254 primi
737 3175 887 3253 loquentis
910 3176 1073 3248 sonaverit,
1094 3182 1122 3228 ‘20

142 3288 203 3350 viro
218 3309 302 3350 sanae
312 3287 423 3348 mentis
434 3286 617 3366 inpromptu
628 3304 765 3346 essenon
776 3285 884 3358 titubo,
895 3283 994 3362 ipsum
1005 3282 1073 3344 luis-

143 3413 187 3469 se,
203 3397 286 3472 quod
299 3395 382 3455 Deus
400 3397 460 3466 est,
478 3391 589 3452 scilicet
605 3391 661 3468 El,
680 3391 728 3452 vel
742 3409 795 3469 per
809 3390 935 3452 modum
951 3388 1074 3448 interro-

145 3504 284 3579 gationis,
295 3503 344 3565 vel
355 3495 771 3580 permodumresponsionis.
784 3495 971 3568 Absurdum,
985 3496 1075 3570 atque
