2560 4022
458 173 545 214 cinca
562 173 678 216 rnrrrus.
735 199 738 204 -
997 163 1033 220 ³5

97 299 243 378 judicium
261 301 446 377 reliquentes
463 299 493 360 in
510 301 582 374 hoc,
602 308 631 361 et
653 307 814 364 tractatum
833 309 970 366 nostrum
991 307 1029 366 ad

99 407 228 484 Vulgare
244 406 386 467 Latinum
406 406 609 479 retrahentes,
628 411 658 466 et
677 417 812 485 receptas
833 410 863 470 in
884 430 916 472 so
936 411 1028 472 varia·

98 514 200 606 tiones·
218 515 331 588 dicere,
353 534 410 575 nec
431 514 580 604 nonnillas
600 514 728 576 invicem
750 535 923 596 comparare
944 540 1029 581 cone·

97 641 174 682 mur.
199 621 332 682 Dicimus
350 640 423 698 ergo
444 621 551 698 primo,
575 623 694 684 Latium
719 623 892 702 bipartitum
912 646 979 688 esse
999 627 1030 687 in

97 732 253 803 dextrum,
274 738 305 790 et
326 728 489 789 sinistrum.
508 728 539 789 Si
556 729 622 806 quis
642 737 744 790 autem
765 739 880 807 quaerat
900 733 937 792 de
951 732 1030 794 linea
1049 745 1077 787 so

98 839 262 912 dividente,
289 836 419 898 breviter
445 837 663 913 respondemus
692 853 759 895 esse
783 837 889 913 jugum
914 835 1029 912 Appen·

98 943 178 1016 nini,
202 945 285 1021 quod
306 961 360 1003 ceu
385 941 491 1001 fistulae
514 941 643 1012 culmen,
670 939 738 999 hinc
763 939 832 1000 inde
855 940 893 1000 ad
915 940 1031 1000 diversa

100 1050 246 1111 stillicidia
262 1050 404 1128 grundat,
428 1054 457 1108 et
475 1067 563 1125 aquae
579 1048 618 1108 ad
640 1048 755 1107 alterna
772 1047 840 1108 hinc
858 1047 928 1108 inde
943 1048 1029 1108 litora

100 1177 152 1235 per
168 1157 317 1219 umbricio
332 1158 420 1233 longa
439 1156 596 1228 distillant,
618 1159 651 1214 ut
667 1154 805 1214 Lucanus
823 1152 854 1214 in
877 1155 903 1214 ll
924 1154 1029 1215 descri-

99 1267 148 1329 bit.
166 1270 315 1330 Dextrum
337 1287 457 1346 quoque
477 1268 555 1328 latus
576 1266 744 1343 Tyrrenum
764 1285 848 1327 mare
870 1267 1028 1343 grundatc·
1050 1280 1076 1324 35

99 1373 176 1434 rium
193 1376 299 1435 habet:
317 1375 426 1434 laevum
443 1394 513 1435 vero
530 1373 560 1432 in
575 1371 759 1434 Adriaticum
775 1371 862 1434 cadit.
879 1372 916 1434 Et
933 1373 1028 1435 dextri

99 1478 234 1554 regiones
256 1487 327 1540 sunt
348 1477 468 1556 Apulia,
493 1479 546 1538 sed
568 1497 629 1538 non
650 1483 726 1551 tota,
752 1479 860 1552 Roma,
882 1478 1026 1552 Ducatus,

100 1583 221 1658 Tuscia,
239 1594 268 1647 et
284 1585 444 1646 Januensis
461 1583 601 1645 Marchia.
616 1584 733 1645 Sinistri
749 1591 852 1647 autem
865 1605 934 1663 pars
949 1587 1026 1665 Apu-

102 1688 161 1759 lia),
178 1689 277 1750 Merca
290 1689 493 1762 Anconitana,
510 1691 723 1762 Romandiola,
742 1692 934 1766 Lombardia,
952 1693 1027 1753 Mar·

105 1792 176 1853 chia
188 1793 348 1856 Trivisiana
369 1814 438 1856 cum
454 1793 594 1858 Venetiis.
611 1795 723 1854 Forum
736 1795 803 1854 Julii
820 1777 890 1855 vero
905 1802 934 1855 et
944 1797 1029 1856 lstria
1048 1814 1076 1858 lo

106 1917 167 1958 non
184 1899 239 1960 nisi
254 1901 327 1960 levae
342 1900 433 1960 Italiae
454 1919 522 1960 esse
539 1904 680 1976 possunt:
703 1918 759 1960 nec
781 1899 888 1960 Insulae
905 1900 1029 1976 Tyrreni

105 2007 205 2080 maris,
223 2007 361 2068 videlicet
374 2005 469 2066 Sicilia
486 2013 516 2067 et
531 2005 680 2080 Sardinia,
697 2026 759 2067 non
776 2006 832 2066 nisi
849 2008 960 2069 dextra
975 2006 1028 2068 lta-

105 2115 150 2175 liae
166 2125 250 2190 sunt,
268 2117 316 2177 vel
332 2117 372 2177 ad
390 2117 525 2177 dextram
544 2115 659 2178 Italiam
676 2117 832 2179 sociandae.
851 2118 884 2178 ln
900 2107 1029 2196 utroque

107 2221 222 2296 quidem
240 2223 370 2282 duorum
386 2222 526 2296 laterum,
546 2227 575 2282 et
590 2221 638 2296 iis,
654 2231 720 2300 quac
735 2229 902 2301 sequuntur
917 2225 955 2285 ad
977 2245 1027 2299 ea,

105 2328 207 2406 lingua
228 2329 387 2390 hominum
411 2329 574 2403 variantur,
595 2338 629 2391 ul
648 2330 748 2410 lingua
769 2330 936 2392 Siculorum
959 2350 1029 2392 cum
1047 2346 1076 2391 45

106 2435 224 2512 Apulis3
249 2437 416 2514 Apulorum
442 2453 519 2495 cum.
540 2435 699 2510 Romanis3
727 2436 931 2498 Romanorum
959 2456 1028 2496 cum

107 2541 284 2619 Spoletanis3
298 2540 408 2601 horum
423 2558 492 2600 cum
502 2539 620 2614 Tuscis;
635 2542 803 2602 Tuscorum
817 2562 887 2603 cum
901 2544 1028 2603 Januen-

107 2649 200 2724 sibus,
223 2645 420 2709 Januensium
436 2659 506 2707 cum
529 2645 650 2721 Sardis;
671 2631 806 2708 necnon
831 2649 1028 2711 Calabrorum

106 2771 170 2814 curn
194 2750 407 2825 Anconitanis3
432 2751 541 2812 horum
564 2769 633 2811 cum
657 2751 877 2828 Romandiolis3
901 2754 1029 2817 Roman-

106 2860 250 2922 diolorum
276 2879 346 2920 cum
368 2859 559 2934 Lombardis;
584 2859 831 2940 Lombardorum⁰
846 2878 915 2920 cum
939 2861 1028 2923 Trivi·
1047 2875 1076 2922 oo

106 2966 192 3027 sianis
221 2971 251 3026 el
276 2963 410 3038 Venetis,
438 2965 595 3024 ethorum
621 2983 691 3025 cum
718 2964 972 3044 Aquilejensibus,
999 2972 1029 3029 et

105 3073 228 3136 istorum
246 3093 317 3136 cum
331 3071 479 3134 Istrianis:
498 3073 534 3132 de
552 3089 611 3149 quo
626 3070 799 3132 Latinorum
812 3069 963 3133 neminem
979 3091 1029 3134 no·

106 3181 218 3243 hiscum
232 3180 391 3242 dissentire
401 3187 551 3258 putamus.
563 3180 691 3253 Quarea
707 3199 768 3241 non
779 3179 877 3240 minus
888 3180 953 3241 xlv
962 3178 1029 3242 Vul-

105 3293 223 3368 garibus
244 3294 310 3354 sola
332 3292 449 3351 videtur
476 3289 558 3350 Italia
579 3290 699 3351 variari:
723 3310 789 3369 quae
811 3293 908 3352 adhuc
929 3291 1029 3353 omnia

105 3399 241 3478 Vulgaria
258 3400 289 3460 in
306 3419 340 3461 se
361 3419 394 3461 se
410 3398 579 3471 variantur,
596 3404 628 3459 ut
645 3403 717 3476 puta
738 3399 768 3459 in
789 3398 899 3458 Tuscia
919 3398 1029 3458 Senen·
1048 3401 1075 3446 ⁵⁵

106 3527 153 3570 ses
175 3513 206 3568 et
226 3505 359 3578 Aretini3
380 3504 411 3564 in
433 3502 614 3564 lombardia
634 3501 838 3562 Terrarienses
860 3508 890 3559 et
913 3499 1032 3559 Placen·
