2578 4038
263 209 316 264 282
613 224 650 282 ps
669 224 848 267 uouiucruu.

264 353 361 432 placet
387 350 418 410 in
443 349 478 410 iis
503 370 570 427 quae
597 351 635 411 de
661 352 828 428 sophisticis
853 353 989 430 elenchis,
1017 352 1129 412 solutio
1157 373 1205 413 ar-

215 482 244 526 ρο
264 457 397 536 gumenti
424 461 470 517 est
497 457 610 518 erroris
633 459 844 540 manifestatio.
871 461 909 520 Et
937 460 1007 536 quia
1036 479 1121 522 error
1149 481 1203 539 po-

265 570 322 626 test
350 583 417 624 esse
444 564 475 624 in
500 561 626 622 materia
647 567 677 623 et
699 563 730 623 in
750 563 848 624 forma
870 565 1052 642 argumenti,
1075 563 1204 642 duplici·

266 677 312 732 ter
332 689 459 748 peccare
480 669 637 746 contingit:
661 675 713 730 aul
733 669 843 730 scilicet
859 671 1047 731 adsumendo
1069 671 1201 743 falsum,

265 785 318 839 aut
338 797 400 838 uon
427 777 636 854 syllogizando.
658 776 731 849 Quae
749 762 1018 853 duo'Plilosoplcns
1036 776 1200 853 objiciebat

264 894 367 948 contra
384 884 595 945 Parmenidem
610 887 640 942 et
655 881 826 956 Melissum,
844 882 960 943 dicens:
980 883 1038 956 Qni
1053 883 1139 956 falsa
1158 905 1203 944 re

217 1008 243 1052 ro
263 994 390 1070 cipiunt,
409 997 434 1049 et
449 1008 507 1049 non
526 968 726 1066 spllopiecntes
743 997 818 1049 cnnt.
841 990 878 1049 Et
904 989 1018 1067 accipio
1042 989 1093 1050 hic
1114 991 1203 1068 largo

262 1100 352 1159 modo
376 1099 485 1173 falsnrn
506 1095 597 1156 etiam
618 1114 672 1172 pro
694 1095 882 1171 inopinabili,
907 1094 988 1170 quod
1013 1091 1046 1153 in
1071 1094 1201 1154 materia

263 1201 409 1282 probabili
424 1201 515 1260 habet
527 1204 669 1259 naturum
684 1199 764 1274 falsi.
781 1197 812 1258 Si
828 1217 898 1258 vero
914 1197 946 1256 in
960 1197 1060 1271 form
1079 1197 1118 1258 sil
1132 1217 1200 1275 pec·

264 1315 378 1382 catum,
401 1305 551 1368 conclusio
571 1304 770 1366 interimenda
791 1309 837 1365 est
863 1305 901 1364 ab
924 1302 974 1364 illo
1000 1303 1052 1381 qui
1079 1305 1200 1365 solvere

264 1415 338 1487 vult,
354 1413 541 1474 ostendendo
556 1412 684 1472 formam
702 1411 914 1489 syllogisticam
930 1432 992 1473 non
1010 1431 1080 1472 esse
1099 1433 1201 1474 serva·

215 1536 243 1582 50
263 1526 334 1582 tam.
350 1520 381 1580 Si
396 1541 467 1582 vero
482 1526 638 1599 peccatum
655 1519 692 1579 sit
712 1519 744 1578 in
762 1520 903 1595 materia,
917 1523 969 1578 aul
983 1523 1031 1578 est
1045 1518 1116 1596 quia
1133 1521 1201 1580 sim·

256 1632 378 1708 pliciter
394 1629 505 1688 falsum
522 1627 717 1702 adsumptum
733 1625 792 1695 est,
810 1627 862 1681 aut
878 1620 948 1698 quia
968 1620 1081 1680 falsum
1101 1641 1200 1682 secun·

262 1737 332 1795 dnm
357 1735 435 1812 qnid.
461 1733 492 1793 Si
512 1732 690 1808 simpliciter,
712 1749 766 1807 per
785 1730 1027 1806 interemptionem
1044 1729 1200 1807 adsumpti

262 1842 439 1904 solvendum
453 1845 515 1900 est:
534 1837 559 1898 si
574 1837 729 1897 secnndnnc
745 1837 831 1914 qnid,
847 1855 901 1913 per
918 1837 1139 1897 distinctionem.

341 1949 407 2008 Hoc
427 1948 502 2018 viso,
525 1946 564 2004 ad
584 1943 740 2004 meliorem
760 1941 851 2019 hujus
873 1946 903 2002 et
924 1941 1053 2002 aliarum
1072 1943 1198 2004 iuferius

214 2065 241 2108 so
261 2053 409 2112 factarum
432 2050 613 2110 solutionum
636 2047 829 2122 evidentiam,
851 2050 1086 2124 advertendum,
1115 2053 1198 2128 quod

231 2223 240 2248 ι
261 2157 339 2217 circa
357 2174 482 2215 sensum
498 2155 652 2232 Mysticnrn
672 2155 827 2233 dupliciter
844 2175 945 2217 errare
966 2157 1125 2234 contingit:
1145 2163 1198 2217 aut

202 2298 206 2306 ·
261 2261 422 2339 querendo
449 2259 549 2337 ipsum
574 2259 626 2320 ubi
650 2279 713 2320 non
739 2268 801 2334 est,
829 2269 881 2322 aui
907 2260 1081 2339 accipiendo
1111 2262 1201 2324 aliter

265 2387 358 2444 quam
374 2366 468 2445 accipi
489 2367 606 2426 debeat.
628 2367 754 2444 Propter
770 2367 903 2444 primum
919 2367 991 2428 dicit
1009 2367 1197 2444 Augustinus

259 2473 290 2535 in
308 2474 429 2535 Ciuitate
441 2473 511 2531 Dei:
529 2493 544 2524 e
560 2472 627 2530 Non
643 2490 712 2530 sane
727 2471 824 2532 omniu
840 2490 904 2549 qnoe
917 2477 996 2548 posta
1012 2479 1197 2549 narrantur,

212 2603 241 2648 40
261 2589 345 2646 etiam
363 2584 530 2662 olpnificare
550 2581 662 2658 aliqnicl
675 2580 813 2656 pntanelo
832 2585 916 2638 sunt:
934 2581 985 2638 ced
999 2586 1124 2655 propter
1144 2580 1197 2638 illa

261 2711 325 2770 qna
339 2691 450 2769 aliquid
469 2687 631 2766 sipnificant
639 2729 650 2762 ,
671 2686 757 2744 etiam
777 2703 812 2743 ea
831 2703 896 2761 qnee
914 2685 990 2744 nint
1009 2685 1196 2764 sipnificant,

261 2804 437 2856 attennntnr.
457 2796 521 2855 Sola
547 2813 655 2855 eamne
677 2800 758 2852 terrn
777 2793 998 2869 proscinditur:
1017 2795 1067 2852 secl
1086 2800 1119 2853 nt
1145 2796 1200 2854 boc

259 2899 325 2973 fieri
332 2900 439 2975 possit,
449 2900 533 2958 etiarn
544 2907 646 2957 coetera
659 2899 757 2957 aratri
770 2882 895 2959 menbra
907 2908 976 2960 snnt
990 2903 1162 2962 necessaria.
1180 2925 1195 2953 >

261 3005 387 3082 Propter
401 3005 579 3076 secuudum,
595 3002 676 3064 idem
690 3002 731 3062 ait
744 3001 775 3062 in
791 3004 881 3064 Libro
898 3005 935 3064 de
949 3006 1095 3066 Doctrina
1113 3007 1199 3066 Cleri·
1285 3007 1286 3016 ’

212 3124 239 3168 45
258 3112 371 3186 sticnn,
385 3110 512 3186 loquens
530 3109 567 3169 de
584 3107 649 3181 illo,
667 3109 717 3185 qui
734 3107 795 3168 vult
812 3107 892 3170 aliud
904 3107 936 3168 in
951 3109 1113 3187 Snntnris
1129 3129 1197 3173 sen·

260 3212 329 3285 tire,
348 3232 440 3289 quam
455 3215 504 3276 ille
523 3215 573 3293 qui
594 3215 712 3293 scripsit
728 3235 793 3290 eas,
816 3216 899 3290 dicit,
917 3220 998 3294 quod
1012 3218 1054 3279 ita
1067 3220 1194 3292 fallitur,

262 3337 297 3377 ac
320 3317 346 3379 si
371 3320 531 3398 quisquam
553 3322 697 3383 deserens
714 3321 808 3394 viam,
831 3340 867 3382 eo
887 3327 992 3382 tamen
1012 3341 1067 3398 per
1088 3343 1197 3399 gyrum

261 3429 414 3500 pergeret,
433 3427 553 3502 quovis
573 3428 623 3488 illa
643 3428 790 3506 perducil;
810 3432 839 3490 et
856 3427 971 3490 subdit:
989 3431 1198 3492 Demonstron·

262 3531 332 3589 etnrn
347 3539 406 3607 est,
425 3539 458 3590 nt
473 3535 675 3594 consuetudine
692 3534 826 3594 derlandi
826 3577 838 3611 ,
854 3534 939 3594 nium
953 3534 985 3592 in
998 3538 1199 3606 transuersum
