2590 4038
267 261 322 318 218
619 277 657 318 on
675 278 857 321 uounncrrm.

270 411 342 472 dere
363 415 540 471 conaretur?
562 411 613 488 qui
634 416 822 474 senectutem
843 430 861 472 a
882 410 1027 472 Cicerone
1049 413 1218 476 defensam

268 525 437 580 resumeret
450 518 687 580 defensandam?
700 519 822 579 Nullum
838 516 967 596 quippe;
983 519 1039 578 sed
1052 517 1218 581 fastidium

267 625 367 704 potius
381 626 433 687 illa
449 626 639 704 superfluitas
653 627 777 688 taediosa
792 628 957 704 praestaret.
975 623 1114 702 Cumque
1129 625 1216 688 inter

124 757 128 765 ·
210 743 250 802 ao
272 731 346 793 alias
362 732 504 794 veritates
521 734 654 796 occultas
673 741 702 796 et
718 733 819 807 utiles,
837 733 1012 812 temporalis
1027 736 1221 798 Moriar-ciriae

268 837 374 899 notitia
384 838 541 900 utilissima
551 841 600 914 sit,
614 845 643 902 et
656 840 786 901 maxime
800 841 916 916 latens,
927 846 956 902 ct
965 850 1090 920 propter
1100 863 1164 906 non
1175 865 1220 906 se

269 943 383 1004 habere
399 942 571 1006 immediate
589 946 627 1007 ad
641 947 773 1020 luorum,
788 946 826 1006 ab
843 945 982 1007 omnibus
997 947 1160 1024 intentata,
1176 950 1216 1012 in

270 1047 423 1126 proposito
440 1052 498 1121 est,
516 1049 596 1110 hanc
611 1050 649 1110 de
666 1050 727 1111 suis
745 1052 903 1112 enucleare
922 1051 1067 1112 latibulis:
1087 1057 1155 1114 tum
1175 1064 1216 1118 ut

269 1152 380 1214 utiliter
405 1154 518 1216 mundo
546 1152 731 1231 pervigilem,
758 1161 823 1215 tum
851 1159 882 1214 et
906 1157 940 1214 ut
966 1155 1104 1232 palmam
1131 1158 1214 1217 tanti

223 1273 249 1318 aa
268 1256 362 1318 bravii
393 1259 507 1336 primus
538 1257 569 1318 in
597 1277 699 1319 meam
729 1257 855 1336 gloriam
882 1257 1040 1336 adipiscar.
1068 1259 1213 1321 Arduum

270 1363 392 1440 quidem
409 1382 484 1441 opus
503 1367 534 1424 et
549 1363 629 1423 ultra
645 1362 723 1423 vires
740 1363 909 1441 aggredior,
925 1383 987 1424 non
1004 1368 1068 1424 tam
1086 1365 1124 1425 de
1141 1385 1215 1443 pro·

268 1473 334 1552 pria
347 1473 455 1535 virtute
469 1471 639 1548 conlidens,
649 1491 742 1550 quam
759 1461 922 1534 delumine
937 1471 1101 1548 Largitoris
1114 1474 1213 1547 illius,

270 1580 389 1658 quidet
406 1581 545 1642 omnibus
563 1579 721 1642 affluenter
726 1624 735 1654 ‚
752 1583 782 1640 et
797 1598 859 1639 non
874 1577 1069 1656 improperat.

662 1835 761 1898 (laem
780 1836 815 1898 ll.

492 2018 554 2070 Quid
567 2019 708 2071 temporalis
721 2017 863 2062 Monarchia
877 2018 983 2064 dicatur.

345 2238 481 2299 Primum
496 2236 585 2316 igitur
602 2237 764 2299 videndum
781 2242 840 2312 est,
859 2237 931 2316 quid
953 2238 1129 2318 temporalis
1146 2241 1215 2301 Μο-

269 2349 395 2409 norchic
411 2347 538 2420 dicatur,
557 2349 627 2424 typo
645 2351 678 2406 ut
695 2344 808 2418 dicam,
831 2351 862 2406 et
881 2345 1050 2406 secundum
1069 2345 1214 2408 intentio·

269 2473 350 2516 nem.
367 2453 426 2514 Est'
438 2471 509 2530 ergo
525 2451 700 2530 temporalis
716 2452 889 2512 Monarchio
896 2497 907 2529 ,
925 2470 1017 2528 quam
1035 2451 1136 2512 dicunt
1149 2454 1214 2514 Im·

264 2561 399 2639 perium,
408 2559 515 2620 unicus
525 2557 725 2636 Principatus,
739 2562 769 2617 et
783 2577 875 2636 super
885 2577 992 2619 ornnes
1007 2556 1038 2617 in
1052 2565 1212 2637 tempore,

237 2669 317 2729 orel
330 2667 361 2728 in
376 2665 412 2728 iis
434 2672 464 2728 et
487 2683 580 2742 super
595 2664 631 2725 iis
648 2683 714 2742 quae
735 2668 870 2741 tempore
894 2669 1119 2724 mensurantur.
1144 2665 1211 2726 Ma·

271 2771 352 2832 xime
372 2778 474 2832 autem
505 2771 542 2830 de
567 2770 639 2844 hac,
667 2769 724 2830 tria
746 2769 881 2830 dubitata
901 2777 1084 2848 quaeruntur.
1108 2771 1211 2832 Pano

271 2895 403 2954 namque
420 2875 571 2937 dubitatur
588 2881 619 2936 et
635 2875 792 2953 quaeritur,
810 2895 850 2936 an
866 2877 904 2938 ad
920 2878 999 2938 bene
1014 2897 1083 2939 esse
1099 2877 1212 2938 mundi

270 2981 442 3046 necessaria
458 2981 506 3043 sit.
522 2981 673 3053 Sarrano,
692 3001 732 3041 an
751 2981 906 3042 Romanus
927 2985 1056 3062 populus
1078 2985 1117 3044 de
1135 2985 1212 3062 jure

271 3091 450 3151 Monarchiae
462 3087 594 3150 officium
610 3086 667 3149 sibi
683 3086 850 3148 adsciverit.
865 3089 903 3150 Et
916 3109 1034 3165 ranno,
1050 3111 1090 3152 an
1104 3095 1211 3152 auclo-

223 3214 252 3260 10
269 3196 343 3258 ritas
356 3197 536 3257 Morcorcho‘oe
549 3196 718 3273 dependeat
732 3196 825 3257 aDeo
836 3195 1023 3272 immediate,
1035 3199 1083 3259 vel
1094 3199 1133 3258 ab
1147 3197 1213 3258 alio

272 3295 326 3358 Dei
346 3294 482 3356 ministro
506 3314 560 3356 seu
580 3295 705 3357 Vioario.
729 3293 842 3356 Verum
863 3295 932 3373 quia
959 3295 1056 3357 omnis
1082 3295 1212 3370 veritas,

273 3421 341 3481 quae
359 3421 421 3462 non
441 3406 488 3463 est
508 3400 699 3480 principium,
718 3419 755 3461 ex
775 3400 901 3463 veritate
921 3402 1046 3480 alicuius
1071 3400 1211 3482 principii

273 3509 306 3569 lit
319 3505 491 3581 manifesta
501 3527 626 3570 necesse
641 3508 730 3570 estin
744 3508 876 3588 qualibet
888 3507 1080 3586 inquisitione
1093 3509 1217 3570 habere

272 3613 408 3676 notitiam
436 3613 474 3674 de
503 3607 659 3692 principio,
686 3615 717 3676 in
744 3617 825 3694 quod
846 3616 993 3694 analytice
1016 3617 1216 3690 recurratur,
